%------------------------------------------------------
% Bibliography File Superheavy Elements / Relativistic
%------------------------------------------------------

@STRING{AAMP = "Adv. Atom. Mol. Phys."}
@STRING{ACIE = "Angew. Chem. Int. Ed."}
@STRING{ACP = "Adv. Chem. Phys."}
@STRING{ACR = "Acc. Chem. Res."}
@STRING{AD = "Atom. Dat."}
@STRING{ADP = "Adv. Phys."}
@STRING{ARNS = "Ann. Rev. Nucl. Sci."}
@STRING{ADNDT = "At. Data Nucl. Data Tables"}
@STRING{ANAL = "Analyst"}
@STRING{ANP = "Adv. Nucl. Phys."}
@STRING{AP = "Ann. Phys. (N.Y.)"}
@STRING{AQC = "Adv. Quantum Chem."}
@STRING{ARNPS = "Ann. Rev. Nucl. Part. Sci."}
@STRING{ARPC = "Ann. Rev. Phys. Chem."}
@STRING{BCSJ = "Bull. Chem. Soc. Jpn"}
@STRING{CCA = "Croat. Chim. Acta"}
@STRING{CEN = "C{\&}EN"}
@STRING{CJ = "Comput. J."}
@STRING{CJP = "Czech. J. Phys."}
@STRING{CMP = "Commun. Math. Phys."}
@STRING{CP  = "Chem. Phys."}
@STRING{CPC = "Comput. Phys. Commun."}
@STRING{CPL = "Chem. Phys. Lett."}
@STRING{CR  = "Chem. Rev."}
@STRING{CSR = "Chem. Soc. Rev."}
@STRING{EJA = "Eur. Phys. J. A"}
@STRING{EJD = "Eur. Phys. J. D"}
@STRING{EN = "Europhys. News"}
@STRING{FP = "Foundations of Physics"}
@STRING{IC  = "Inorg. Chem."}
@STRING{ICA = "Inorg. Chim. Acta"}
@STRING{INCL = "Inorg. Nucl. Chem. Lett."}
@STRING{IJQC = "Int. J. Quantum Chem."}
@STRING{IJQCS = "Int. J. Quantum Chem. Symp."}
@STRING{JACS= "J. Am. Chem. Soc."}
@STRING{JCE = "J. Chem. Ed."}
@STRING{JCP = "J. Chem. Phys."}
@STRING{JCR = "J. Chem. Research (S)"}
@STRING{JCS = "J. Chem. Soc."}
@STRING{JCSCC = "J. Chem. Soc. Chem. Comm."}
@STRING{JCSDT = "J. Chem. Soc. Dalton Trans."}
@STRING{JCSFT = "J. Chem. Soc. Faraday Trans."}
@STRING{JCC = "J. Comp. Chem."}
@STRING{JDPC = "J. Phys., Coll."}
@STRING{JIC = "J. Inorg. Chem."}
@STRING{JINC = "J. Inorg. Nucl. Chem."}
@STRING{JMST = "J. Mol. Struct. (Theochem)"}
@STRING{JMS = "J. Mol. Spectroscopy"}
@STRING{JOAAC = "J. Alloys and Compounds"}
@STRING{JOSA = "J. Opt. Soc. Am."}
@STRING{JPC = "J. Phys. Chem."}
@STRING{JPCA = "J. Phys. Chem. A"}
@STRING{JPCB = "J. Phys. Chem. B"}
@STRING{JPCRD = "J. Phys. Chem. Ref. Data"}
@STRING{JPB = "J. Phys. B: At. Mol. Phys."}
@STRING{JPG = "J. Phys. G: Nucl. Part. Phys."}
@STRING{JPRD = "J. Phys. Ref. Data"}
@STRING{JRNC = "J. Radioanalytical Nucl. Chem."}
@STRING{LNC = "Lettra Nuovo Cimento"}
@STRING{MP =  "Mol. Phys."}
@STRING{NAT = "Nature"}
@STRING{NIMPR = "Nucl. Instrum. Methods in Phys. Res."}
@STRING{NIMPRB = "Nucl. Instrum. Methods in Phys. Res. B"}
@STRING{NJC = "New J. Chem."}
@STRING{NPA = "Nucl. Phys. A"}
@STRING{NS = "New Scientist"}
@STRING{PAC = "Pure {\&} Appl. Chem."}
@STRING{PCCP = "Phys. Chem. Chem. Phys."}
@STRING{PCPS = "Proc. Cambridge Philos. Soc."}
@STRING{PL  = "Phys. Lett."}
@STRING{PLA  = "Phys. Lett. A"}
@STRING{PLB  = "Phys. Lett. B"}
@STRING{POLY = "Polyhedron"}
@STRING{PREP  = "Phys. Rep."}
@STRING{PR  = "Phys. Rev."}
@STRING{PRA = "Phys. Rev. A"}
@STRING{PRB = "Phys. Rev. B"}
@STRING{PRC = "Phys. Rev. C"}
@STRING{PRD = "Phys. Rev. D"}
@STRING{PRL = "Phys. Rev. Lett."}
@STRING{PRSL = "Proc. R. Soc. (London)"}
@STRING{PRSLA = "Proc. R. Soc. Lond. A"}
@STRING{PS = "Phys. Scr."}
@STRING{RCA = "Radiochim. Acta"}
@STRING{RM = "Radiation Measurements"}
@STRING{RMP = "Rev. Mod. Phys."}
@STRING{RPP = "Rep. Prog. Phys."}
@STRING{RRL = "Radiochem. Radioanal. Letters"}
@STRING{SB = "Struct. Bond."}
@STRING{TCA = "Theor. Chim. Acta"}
@STRING{TCACC = "Theor. Chem. Acc."}
@STRING{ZC = "Z. Chem."}
@STRING{ZNA = "Z. Naturforsch. A"}
@STRING{ZP = "Z. Phys."}
@STRING{ZFK = "Zh. Fiz. Khim."}
@STRING{ZPA = "Z. Phys. A"}
@STRING{ZPC = "Z. Phys. Chem."}
@STRING{ZPD = "Z. Phys. D"}

@article{levy-leblond-1967,
author = "L\'evy-Leblond, Jean-Marc",
journal = "Comm. Math. Phys.",
number = "4",
pages = "286--311",
publisher = "Springer",
title = "Nonrelativistic particles and wave equations",
url = "http://projecteuclid.org/euclid.cmp/1103840281",
volume = "6",
year = "1967"
}

@article{Vallarta-1932,
  title = {The Relativistic {T}homas-{F}ermi Atom},
  author = {Vallarta, M. S. and Rosen, N.},
  journal = PR,
  volume = {41},
  issue = {6},
  pages = {708--712},
  numpages = {0},
  year = {1932},
  month = {Sep},
  publisher = {American Physical Society},
  doi = {10.1103/PhysRev.41.708},
  url = {http://link.aps.org/doi/10.1103/PhysRev.41.708}
}

@book{glashow-1993,
  publisher={Warner Books},
  author={Glashow, Sheldon},
  title={Interactions},
  year={1993}
}

@article{PYYKKO-1976,
title = "Dirac-{F}ock one-centre calculations. The molecules {CuH, AgH} and {AuH} including p-type symmetry functions",
journal = CPL,
volume = "39",
number = "2",
pages = "300--303",
year = "1976",
issn = "0009-2614",
doi = "http://dx.doi.org/10.1016/0009-2614(76)80080-2",
url = "http://www.sciencedirect.com/science/article/pii/0009261476800802",
author = "J.P. Desclaux and P. Pyykk{\"o}",
}

@article{PYYKKO-1976a,
title = "Dirac-{F}ock one-centre calculations. The molecules {BH, AlH, GaH, InH} and {TlH}",
journal = CPL,
volume = "42",
number = "3",
pages = "545 - 549",
year = "1976",
issn = "0009-2614",
doi = "http://dx.doi.org/10.1016/0009-2614(76)80672-0",
url = "http://www.sciencedirect.com/science/article/pii/0009261476806720",
author = "P. Pyykk{\"o} and J.P. Desclaux"
}

@article{PYYKKO-1977a,
author = "P. Pyykk{\"o} and J.P. Desclaux",
title = "Dirac-{F}ock one-centre calculations show (114){H}{$_4$} to resemble {P}b{H}{$_4$}",
journal = NAT,
year = "1977",
volume = "266",
pages = "336--337",
url = "http://dx.doi.org/10.1038/266336a0",
doi = "10.1038/266336a0"
} 

@ARTICLE{Pyykko-1977b,
	author = "P Pyykk{\"o} and J P Desclaux",
	title = "{D}irac-{F}ock one-centre calculations. The model systems {TiH}{$_4$}, {ZrH}{$_4$}, {HfH}{$_4$}
	and (104){H}{$_4$}",
	journal = CPL,
	volume = 50,
	pages ="503--507",
	year = 1977
	}

@ARTICLE{Pyykko-1978,
	author = "P Pyykk{\"o} and J P Desclaux",
    title = "{D}irac-{F}ock one-centre Calculations. {VI}. The tetrahedral and octahedral model systems
	CeH{$_4$}, ThH{$_4$}, CrH{$_6$}, MoH{$_6$}, WH{$_6$}, UH{$_6$} and (106)H{$_6$}",
	journal = CP,
    volume = 34,
	pages = "261--280",
	year = 1978
	}

@article{Pyykko-1979,
author = {Pyykk\"o, Pekka and Desclaux, Jean Paul},
title = {Relativity and the periodic system of elements},
journal = ACR,
volume = {12},
number = {8},
pages = {276--281},
year = {1979},
doi = {10.1021/ar50140a002},
URL = {http://dx.doi.org/10.1021/ar50140a002},
eprint = {http://dx.doi.org/10.1021/ar50140a002}
}

@article{Pitzer-1979,
author = {Pitzer, Kenneth S.},
title = {Relativistic effects on chemical properties},
journal = ACR,
volume = {12},
number = {8},
pages = {271--276},
year = {1979},
doi = {10.1021/ar50140a001},
URL = {http://dx.doi.org/10.1021/ar50140a001},
eprint = {http://dx.doi.org/10.1021/ar50140a001}
}

@ARTICLE{Dirac-1928,
   author = {{Dirac}, P.~A.~M.},
    title = "{The Quantum Theory of the Electron}",
  journal = PRSLA,
     year = 1928,
    month = feb,
   volume = 117,
    pages = {610--624},
      doi = {10.1098/rspa.1928.0023},
   adsurl = {http://adsabs.harvard.edu/abs/1928RSPSA.117..610D},
  adsnote = {Provided by the SAO/NASA Astrophysics Data System}
}
  
@ARTICLE{Dirac-1929,
  title={Quantum mechanics of many-electron systems},
  author={Dirac, Paul A. M.},
  journal = PRSLA,
  volume={123},
  number={792},
  pages={714--733},
  year={1929},
  organization={The Royal Society}
}

@ARTICLE{Dirac-1930,
   author = {{Dirac}, P.~A.~M.},
    title = "{A Theory of Electrons and Protons}",
  journal = PRSLA,
     year = 1930,
    month = jan,
   volume = 126,
    pages = {360--365},
      doi = {10.1098/rspa.1930.0013},
   adsurl = {http://adsabs.harvard.edu/abs/1930RSPSA.126..360D},
  adsnote = {Provided by the SAO/NASA Astrophysics Data System}
}

@article{Mittleman-1981,
  title = {Theory of relativistic effects on atoms: Configuration-space Hamiltonian},
  author = {Mittleman, Marvin H.},
  journal = {Phys. Rev. A},
  volume = {24},
  issue = {3},
  pages = {1167--1175},
  numpages = {0},
  year = {1981},
  month = {Sep},
  publisher = {American Physical Society},
  doi = {10.1103/PhysRevA.24.1167},
  url = {http://link.aps.org/doi/10.1103/PhysRevA.24.1167}
}

@article{Wang-2002,
author = {Wang, Shu-guang and Liu, Wenjian and Schwarz, W. H. Eugen},
title = {On Relativity, Bonding, and Valence Electron Distribution},
journal = JPCA,
volume = {106},
number = {5},
pages = {795--803},
year = {2002},
doi = {10.1021/jp015507q},
URL = {http://dx.doi.org/10.1021/jp015507q},
eprint = {http://dx.doi.org/10.1021/jp015507q}
}

@article{Urban-2010,
  title={Relativistic effects in atomic and molecular properties},
  author={Ilia{\v{s}}, Miroslav and Kell{\"o}, Vladim{\'\i}r and Urban, Miroslav},
  journal={Acta Phys. Slovaca},
  volume={60},
  number={3},
  pages={259--391},
  year={2010}
}

@Article{Pyykko-2011x,
author ={Pyykk\"o, Pekka},
title  ={A suggested periodic table up to ${Z} \le 172$ based on {D}irac-{F}ock calculations on atoms and ions},
journal  =PCCP,
year  ="2011",
volume  ="13",
issue  ="1",
pages  ="161--168",
publisher  ="The Royal Society of Chemistry",
doi  ="10.1039/C0CP01575J",
url  ="http://dx.doi.org/10.1039/C0CP01575J",
}

@article{Visscher-Dyall-1997,
title = "{D}irac-{F}ock Atomic Electronic Structure Calculations using different Nuclear Charge Distributions",
journal = ADNDT,
volume = "67",
number = "2",
pages = "207--224",
year = "1997",
note = "",
issn = "0092-640X",
doi = "http://dx.doi.org/10.1006/adnd.1997.0751",
url = "http://www.sciencedirect.com/science/article/pii/S0092640X97907518",
author = "L. Visscher and K.G. Dyall",
abstract = "Numerical Hartree–Fock calculations based on the Dirac–Coulomb Hamiltonian for the first 109 elements of the periodic table are presented. The results give the total electronic energy, as a function of the nuclear model that is used, for four different models of the nuclear charge distribution. The main purpose of the calculations is to provide a set of benchmark results for basis set calculations that use a finite size nuclear model. "
}

@article{LaJohn-1992,
title = "Minimax variational solution of the Dirac equation in molecular geometries ",
journal = CPL,
volume = "189",
number = "4–5",
pages = "383--389",
year = "1992",
note = "",
issn = "0009-2614",
doi = "http://dx.doi.org/10.1016/0009-2614(92)85219-Z",
url = "http://www.sciencedirect.com/science/article/pii/000926149285219Z",
author = "L. LaJohn and J.D. Talman"
}

@article{Talman-1986,
  title = {Minimax Principle for the {D}irac Equation},
  author = {Talman, James},
  journal = PRL,
  volume = {57},
  issue = {9},
  pages = {1091--1094},
  numpages = {4},
  year = {1986},
  month = {Sep},
  publisher = {American Physical Society},
  doi = {10.1103/PhysRevLett.57.1091},
  url = {http://link.aps.org/doi/10.1103/PhysRevLett.57.1091}
}

@article{Stanton-1984,
   author = "Stanton, Richard E. and Havriliak, Stephen",
   title = "Kinetic balance: {A} partial solution to the problem of variational safety in {D}irac calculations",
   journal = JCP,
   year = "1984",
   volume = "81",
   number = "4",
   pages = "1910--1918",
   url = "http://scitation.aip.org/content/aip/journal/jcp/81/4/10.1063/1.447865",
   doi = "http://dx.doi.org/10.1063/1.447865" 
}

@article{Gates-2011,
title = {First superheavy element experiments at the {GSI} recoil separator {TASCA}: {T}he production and decay of element 114 in the $^{244}\mathrm{{Pu}}$($^{48}\mathrm{{Ca}}$,3-4$n$) reaction},
  author = {Gates, J. and D\"ullmann, Ch. and Sch\"adel, M. and Yakushev, A. and T\"urler, A. and Eberhardt, K. and Kratz, J. and Ackermann, D. and Andersson, L.-L. and Block, M. and Br\"uchle, W. and Dvorak, J. and Essel, H. and Ellison, P. and Even, J. and Forsberg, U. and Gellanki, J. and Gorshkov, A. and Graeger, R. and Gregorich, K. and Hartmann, W. and Herzberg, R.-D. and He\ss{}berger, F. and Hild, D. and H\"ubner, A. and J\"ager, E. and Khuyagbaatar, J. and Kindler, B. and Krier, J. and Kurz, N. and Lahiri, S. and Liebe, D. and Lommel, B. and Maiti, M. and Nitsche, H. and Omtvedt, J. and Parr, E. and Rudolph, D. and Runke, J. and Schaffner, H. and Schausten, B. and Schimpf, E. and Semchenkov, A. and Steiner, J. and Th\"orle-Pospiech, P. and Uusitalo, J. and Wegrzecki, M. and Wiehl, N.},
  journal = {Phys. Rev. C},
  volume = {83},
  issue = {5},
  pages = {054618},
  numpages = {17},
  year = {2011},
  month = {May},
  publisher = {American Physical Society},
  doi = {10.1103/PhysRevC.83.054618},
  url = {http://link.aps.org/doi/10.1103/PhysRevC.83.054618}
}

@article{Eliav-Landau-2002,
  author={Ephraim Eliav and Arie Landau and Yasuyuki Ishikawa and Uzi Kaldor},
  title={Electronic structure of eka-thorium (element 122) compared with thorium},
  journal=JPCB,
  volume={35},
  number={7},
  pages={1693--1700},
  url={http://stacks.iop.org/0953-4075/35/i=7/a=307},
  year={2002}
}

@article{Eliav-Shmulyian-1998,
   author = "Eliav, Ephraim and Shmulyian, Sergei and Kaldor, Uzi and Ishikawa, Yasuyuki",
   title = "Transition energies of lanthanum, actinium, and eka-actinium (element 121)",
   journal = JCP,
   year = "1998",
   volume = "109",
   number = "10",
   pages = "3954--3958",
   url = "http://scitation.aip.org/content/aip/journal/jcp/109/10/10.1063/1.476995",
   doi = "http://dx.doi.org/10.1063/1.476995" 
}

@article{Sato-2015,
  author={T. K. Sato and M. Asai and A. Borschevsky and T. Stora and N. Sato1 and Y. Kaneya1 and K. Tsukada1 and
Ch. E. D\"ullmann and K. Eberhardt and E. Eliav and S. Ichikawa and U. Kaldor and J. V. Kratz and
S. Miyashita and Y. Nagame and K. Ooe and A. Osa and D. Renisch and J. Runke and M. Sch\"adel and 
P. Th\"orle-Pospiech and A. Toyoshima and N. Trautmann},
  title={Measurement of the first ionization potential of lawrencium (element 103)},
  journal={Nature},
  volume={xx},
  number={x},
  pages={xxx},
  year={2015},
}

Author
Rothe, S. and Andreyev, A. N. and Antalic, S. and Borschevsky, A. and Capponi, L. and Cocolios, T. E. and De Witte, H. and Eliav, E. and Fedorov, D. V. and Fedosseev, V. N. and Fink, D. A. and Fritzsche, S. and Ghys, L. and Huyse, M. and Imai, N. and Kaldor, U. and Kudryavtsev, Yuri and Köster, U. and Lane, J. F. W. and Lassen, J. and Liberati, V. and Lynch, K. M. and Marsh, B. A. and Nishio, K. and Pauwels, D. and Pershina, V. and Popescu, L. and Procter, T. J. and Radulov, D. and Raeder, S. and Rajabali, M. M. and Rapisarda, E. and Rossel, R. E. and Sandhu, K. and Seliverstov, M. D. and Sjödin, A. M. and Van den Bergh, P. and Van Duppen, P. and Venhart, M. and Wakabayashi, Y. and Wendt, K. D. A.
Journal
Nat Commun
Year
2013
Volume
4
Pages
1835
Month
05
Date
2013/05/14/online
Date-Added
2015-02-11 23:00:08 +0000
Date-Modified
2015-02-11 23:00:08 +0000
Day
14
L3
10.1038/ncomms2819
M3
Article
Publisher
Nature Publishing Group, a division of Macmillan Publishers Limited. All Rights Reserved.
Ty
JOUR
Url
http://dx.doi.org/10.1038/ncomms2819
Local Files
Remote URLs
http://dx.doi.org/10.1038/ncomms2819



% Hawking radiation
@article{Page-1976,
  author={D.N. Page},
  title={Particle emission rates from a black hole: Massless particles from an uncharged, nonrotating hole},
  journal=PRD,
  volume={13},
  number={2},
  pages={198},
  url={http://journals.aps.org/prd/pdf/10.1103/PhysRevD.13.198},
  year={1976},
}

@article{Berger-2013,
  author={E. Berger and W. Fong and R. Chornock},
  title={An r-process Kilonova Associated with the Short-hard {GRB 130603B}},
  journal={Astrophys. J. Lett.},
  volume={774},
  number={2},
  pages={L23},
  url={http://stacks.iop.org/2041-8205/774/i=2/a=L23},
  year={2013},
}
	

@article{Kutzelnigg-2012,
title = "Solved and unsolved problems in relativistic quantum chemistry",
journal = CP,
volume = "395",
number = "0",
pages = "16--34",
year = "2012",
note = "{R}ecent Advances and Applications of Relativistic Quantum Chemistry ",
issn = "0301-0104",
doi = "http://dx.doi.org/10.1016/j.chemphys.2011.06.001",
url = "http://www.sciencedirect.com/science/article/pii/S0301010411002394",
author = "Werner Kutzelnigg"
}


@article{Chaix-1989a,
  author={P Chaix and D Iracane},
  title={From quantum electrodynamics to mean-field theory. {I}. {T}he {B}ogoliubov-{D}irac-{F}ock formalism},
  journal=JPB,
  volume={22},
  number={23},
  pages={3791},
  url={http://stacks.iop.org/0953-4075/22/i=23/a=004},
  year={1989},
  }

@article{Chaix-1989b,
  author={P Chaix and D Iracane and P L Lions},
  title={From quantum electrodynamics to mean-field theory. {II}. {V}ariational stability of the vacuum of quantum electrodynamics in the mean-field approximation},
  journal=JPB,
  volume={22},
  number={23},
  pages={3815},
  url={http://stacks.iop.org/0953-4075/22/i=23/a=005},
  year={1989},
}

@article {Kaupp-1993,
author = {Kaupp, Martin and von Schnering, Hans Georg},
title = {Gaseous Mercury({IV}) Fluoride, {HgF}$_4$: An Ab Initio Study},
journal = ACIE,
volume = {32},
number = {6},
publisher = {H\"uthig & Wepf Verlag},
issn = {1521-3773},
url = {http://dx.doi.org/10.1002/anie.199308611},
doi = {10.1002/anie.199308611},
pages = {861--863},
year = {1993},
}

@article {Wang-2007,
author = {Wang, Xuefang and Andrews, Lester and Riedel, Sebastian and Kaupp, Martin},
title = {Mercury Is a Transition Metal: The First Experimental Evidence for {HgF}$_4$},
journal = ACIE,
volume = {46},
number = {44},
publisher = {WILEY-VCH Verlag},
issn = {1521-3773},
url = {http://dx.doi.org/10.1002/anie.200703710},
doi = {10.1002/anie.200703710},
pages = {8371--8375},
keywords = {density functional calculations, high oxidation states, IR spectroscopy, matrix isolation, mercury},
year = {2007},
}

@article{Blundell-1993,
  title = {Calculations of the screened self-energy and vacuum polarization in {L}i-like, {N}a-like, and {C}u-like ions},
  author = {Blundell, Steven A.},
  journal = PRA,
  volume = {47},
  issue = {3},
  pages = {1790--1803},
  numpages = {0},
  year = {1993},
  month = {Mar},
  publisher = {American Physical Society},
  doi = {10.1103/PhysRevA.47.1790},
  url = {http://link.aps.org/doi/10.1103/PhysRevA.47.1790}
}

@article{Block-2010,
author={Block, M. and Ackermann, D. and Blaum, K. and Droese, C. and Dworschak, M. and Eliseev, S. and Fleckenstein, T. and Haettner, E. and Herfurth, F. and He{\ss}berger, F. P. and Hofmann, S. and Ketelaer, J. and Ketter, J. and Kluge, H.-J. and Marx, G. and Mazzocco, M. and Novikov, Yu. N. and Pla{\ss}, W. R. and Popeko, A. and Rahaman, S. and Rodr\'iguez, D. and Scheidenberger, C. and Schweikhard, L. and Thirolf, P. G. and Vorobyev, G. K. and Weber, C.},
  title={Direct mass measurements above uranium bridge the gap to the island of stability},
  journal=NAT,
  year={2010},
  volume={463},
  pages={785--788},
  url={http://dx.doi.org/10.1038/nature08774},
  doi = {10.1038/nature08774}
} 

@article{Reinhardt-Greiner-1977,
  author={J Reinhardt and W Greiner},
  title={Quantum electrodynamics of strong fields},
  journal=RPP,
  volume={40},
  number={3},
  pages={219},
  url={http://stacks.iop.org/0034-4885/40/i=3/a=001},
  year={1977},
}

@article{Muller-Rafelski-Greiner-1973,
year={1973},
issn={0369-3546},
journal={Il Nuovo Cimento A Series 11},
volume={18},
number={3},
doi={10.1007/BF02722798},
title={Electron wave functions in over-critical electrostatic potentials},
url={http://dx.doi.org/10.1007/BF02722798},
publisher={Società Italiana di Fisica},
author={M\"uller, B. and Rafelski, J. and Greiner, W.},
pages={551--573},
language={English}
}

@article{Muller-Rafelski-Greiner-1972b,
  title = {Solution of the {D}irac Equation for Strong External Fields},
  author = {M\"uller, Berndt and Peitz, Heinrich and Rafelski, Johann and Greiner, Walter},
  journal = PRL,
  volume = {28},
  issue = {19},
  pages = {1235--1238},
  numpages = {0},
  year = {1972},
  month = {May},
  publisher = {American Physical Society},
  doi = {10.1103/PhysRevLett.28.1235},
  url = {http://link.aps.org/doi/10.1103/PhysRevLett.28.1235}
}

@article{Muller-Rafelski-Greiner-1972a,
year={1972},
issn={0044-3328},
journal=ZP,
volume={257},
number={3},
doi={10.1007/BF01401203},
title={Auto-ionization of positrons in heavy ion collisions},
url={http://dx.doi.org/10.1007/BF01401203},
publisher={Springer-Verlag},
author={M\"uller, Berndt and Rafelski, Johann and Greiner, Walter},
pages={183--211},
language={English}
}

@article{Soff-Schluter-1982,
  title = {Self-Energy of Electrons in Critical Fields},
  author = {Soff, Gerhard and Schl\"uter, Paul and M\"uller, Berndt and Greiner, Walter},
  journal = PRL,
  volume = {48},
  issue = {21},
  pages = {1465--1468},
  numpages = {0},
  year = {1982},
  month = {May},
  publisher = {American Physical Society},
  doi = {10.1103/PhysRevLett.48.1465},
  url = {http://link.aps.org/doi/10.1103/PhysRevLett.48.1465}
}

@article{Muller-Rafelski-Greiner-1972,
year={1972},
issn={0044-3328},
journal=ZP,
volume={257},
number={1},
doi={10.1007/BF01398198},
title={Electron shells in over-critical external fields},
url={http://dx.doi.org/10.1007/BF01398198},
publisher={Springer-Verlag},
author={M\"uller, Berndt and Rafelski, Johann and Greiner, Walter},
pages={62--77},
language={English}
}

@Article{Demidov-2014,
author ="Demidov, Yuriy and Zaitsevskii, Andrei and Eichler, Robert",
title  ="First principles based modeling of the adsorption of atoms of element 120 on a gold surface",
journal  = PCCP,
year  ="2014",
volume  ="16",
issue  ="6",
pages  ="2268--2270",
publisher  ="The Royal Society of Chemistry",
doi  ="10.1039/C3CP54485K",
url  ="http://dx.doi.org/10.1039/C3CP54485K",
}

@article{Bonchev-Kamenska-1981,
author = {Bonchev, D. and Kamenska, Verginia},
title = {Predicting the properties of the 113-120 transactinide elements},
journal = JPC,
volume = {85},
number = {9},
pages = {1177--1186},
year = {1981},
doi = {10.1021/j150609a021},
URL = {http://dx.doi.org/10.1021/j150609a021},
eprint = {http://dx.doi.org/10.1021/j150609a021}
}

@article{Pershina-Borschevsky-2010,
   author = "Pershina, V. and Borschevsky, A. and Anton, J. and Jacob, T.",
   title = "Theoretical predictions of trends in spectroscopic properties of homonuclear dimers and volatility of the 7p elements",
   journal = JCP,
   year = "2010",
   volume = "132",
   number = "19",
   pages = "194314",
   url = "http://scitation.aip.org/content/aip/journal/jcp/132/19/10.1063/1.3425996",
   doi = "http://dx.doi.org/10.1063/1.3425996" 
}

@article{Pershina-Anton-2009,
   author = "Pershina, V. and Anton, J. and Jacob, T.",
   title = "Theoretical predictions of adsorption behavior of elements 112 and 114 and their homologs {H}g and {P}b",
   journal = JCP,
   year = "2009",
   volume = "131",
   number = "8", 
   pages = "084713",
   url = "http://scitation.aip.org/content/aip/journal/jcp/131/8/10.1063/1.3212449",
   doi = "http://dx.doi.org/10.1063/1.3212449" 
}

@article{Kullie-2012,
title = "Range-separated density functional theory: A 4-component relativistic study of the rare gas dimers {H}e$_2$, {N}e$_2$, {A}r$_2$, {K}r$_2$, {Xe}$_2$, {R}n$_2$ and {U}uo$_2$ ",
journal = CP,
volume = "395",
number = "0",
pages = "54--62",
year = "2012",
note = "{R}ecent Advances and Applications of Relativistic Quantum Chemistry ",
issn = "0301-0104",
doi = "http://dx.doi.org/10.1016/j.chemphys.2011.06.024",
url = "http://www.sciencedirect.com/science/article/pii/S0301010411002631",
author = "Ossama Kullie and Trond Saue"
}

@article{Kim-2008,
author = {Kim, Hyoseok and Choi, Yoon Jeong and Lee, Yoon Sup},
title = {Spin-Orbit and Electron Correlation Effects on the Structure of {EF}$_3$ ({E = I, At}, and Element 117)},
journal = JPCB,
volume = {112},
number = {50},
pages = {16021-16029},
year = {2008},
doi = {10.1021/jp8056306},
URL = {http://dx.doi.org/10.1021/jp8056306},
eprint = {http://dx.doi.org/10.1021/jp8056306}
}

@article{Goidenko-2007,
year={2007},
issn={1434-6060},
journal=EJD,
volume={45},
number={1},
doi={10.1140/epjd/e2007-00143-4},
title={{QED} corrections and chemical properties of Eka-{H}g},
url={http://dx.doi.org/10.1140/epjd/e2007-00143-4},
publisher={EDP Sciences},
keywords={31.30.Jv Relativistic and quantum electrodynamic effects in atoms and molecules},
author={Goidenko, I. and Tupitsyn, I. and Plunien, G.},
pages={171-177},
language={English}
}

@article{Backe-2007,
year={2007},
issn={1434-6060},
journal=EJD,
volume={45},
number={1},
doi={10.1140/epjd/e2007-00253-y},
title={Production and properties of the heaviest elements},
url={http://dx.doi.org/10.1140/epjd/e2007-00253-y},
publisher={EDP Sciences},
keywords={27.90+b 220ÔøΩA; 25.60 Pj Fusion reactions; 31.10.+z Theory of electronic structure, electronic transitions, and chemical binding; 32.30.-r Atomic spectra; 51.10.+y Kinetics and transport theory of gases},
author={Backe, H. and He{\ss}berger, F. P. and Sewtz, M. and T\"urler, A.},
pages={3-15},
language={English}
}

@article{Hofmann-2002,
	author = {{S. Hofmann} and {F.P. He{\ss}berger} and {D. Ackermann} and {G. M\"unzenberg} and {S. Antalic} and {P. Cagarda} and {B. Kindler} and {J. Kojouharova} and {M. Leino} and {B. Lommel} and {R. Mann} and {A.G. Popeko} and {S. Reshitko} and {S. Saro} and {J. Uusitalo} and {A.V. Yeremin}},
	title = {New results on elements 111 and 112},
	DOI= "10.1140/epja/i2001-10119-x",
	url= "http://dx.doi.org/10.1140/epja/i2001-10119-x",
	journal = EJA,
	year = 2002,
	volume = 14,
	number = 2,
	pages = "147--157"
}

@article{Yakushev-2014,
author = {Yakushev, Alexander and Gates, Jacklyn M. and T\"urler, Andreas and Sch\"adel, Matthias and D\"ullmann, Christoph E. and Ackermann, Dieter and Andersson, Lise-Lotte and Block, Michael and Br\"uchle, Willy and Dvorak, Jan and Eberhardt, Klaus and Essel, Hans G. and Even, Julia and Forsberg, Ulrika and Gorshkov, Alexander and Graeger, Reimar and Gregorich, Kenneth E. and Hartmann, Willi and Herzberg, Rolf-Dietmar and He{\ss}berger, Fritz P. and Hild, Daniel and H\"ubner, Annett and J\"ager, Egon and Khuyagbaatar, Jadambaa and Kindler, Birgit and Kratz, Jens V. and Krier, J\"org and Kurz, Nikolaus and Lommel, Bettina and Niewisch, Lorenz J. and Nitsche, Heino and Omtvedt, Jon Petter and Parr, Edward and Qin, Zhi and Rudolph, Dirk and Runke, J\"org and Schausten, Brigitta and Schimpf, Erwin and Semchenkov, Andrey and Steiner, Jutta and Th\"orle-Pospiech, Petra and Uusitalo, Juha and Wegrzecki, Maciej and Wiehl, Norbert},
title = {Superheavy Element Flerovium (Element 114) Is a Volatile Metal},
journal = IC,
volume = {53},
number = {3},
pages = {1624--1629},
year = {2014},
doi = {10.1021/ic4026766},
note ={PMID: 24456007},
URL = {http://dx.doi.org/10.1021/ic4026766},
eprint = {http://dx.doi.org/10.1021/ic4026766}
}

@article{Eichler-2002,
author = {Eichler, R. and Sch\"adel, M.},
title = {Adsorption of Radon on Metal Surfaces: A Model Study for Chemical Investigations of Elements 112 and 114},
journal = JPCB,
volume = {106},
number = {21},
pages = {5413-5420},
year = {2002},
doi = {10.1021/jp015553q},
URL = {http://dx.doi.org/10.1021/jp015553q},
eprint = {http://dx.doi.org/10.1021/jp015553q}
}

@article{Pershina-Borschevsky-2008a,
   author = "Pershina, V. and Borschevsky, A. and Eliav, E. and Kaldor, U.",
   title = "Prediction of the adsorption behavior of elements 112 and 114 on inert surfaces from ab initio {D}irac-{C}oulomb atomic calculations",
   journal = JCP,
   year = "2008",
   volume = "128",
   number = "2",
   pages = "024707",
   url = "http://scitation.aip.org/content/aip/journal/jcp/128/2/10.1063/1.2814242",
   doi = "http://dx.doi.org/10.1063/1.2814242" 
}

@article{Pershina-Borschevsky-2008,
   author = "Pershina, V. and Borschevsky, A. and Eliav, E. and Kaldor, U.",
   title = "Adsorption of inert gases including element 118 on noble metal and inert surfaces from ab initio {D}irac-{C}oulomb atomic calculations",
   journal = JCP,
   year = "2008",
   volume = "129",
   number = "14", 
   pages = "144106",
   url = "http://scitation.aip.org/content/aip/journal/jcp/129/14/10.1063/1.2988318",
   doi = "http://dx.doi.org/10.1063/1.2988318" 
}

@article{Vest-2009,
author = {Vest, Brian and Klinkhammer, Karl and Thierfelder, Christian and Lein, Matthias and Schwerdtfeger, Peter},
title = {Kinetic and Thermodynamic Stability of the Group 13 Trihydrides},
journal = {Inorganic Chemistry},
volume = {48},
number = {16},
pages = {7953--7961},
year = {2009},
doi = {10.1021/ic900997p},
note ={PMID: 19601590},
URL = {http://dx.doi.org/10.1021/ic900997p},
eprint = {http://dx.doi.org/10.1021/ic900997p}
}

@article{Schwerdtfeger-ACIE-2002,
  title={Relativistic quantum chemistry of the superheavy elements. {C}losed-shell element 114 as a case study},
  author={Schwerdtfeger, Peter and Seth, Michael},
  journal={J. Nucl. Radiochem. Sci},
  volume={3},
  pages={133--136},
  year={2002}
}

@article{Seth-1999,
   author = "Seth, Michael and Schwerdtfeger, Peter and F{\ae}gri, Knut",
   title = "The chemistry of superheavy elements. {III}. Theoretical studies on element 113 compounds",
   journal = JCP,
   year = "1999",
   volume = "111",
   number = "14",
   pages = "6422--6433",
   url = "http://scitation.aip.org/content/aip/journal/jcp/111/14/10.1063/1.480168",
   doi = "http://dx.doi.org/10.1063/1.480168" 
}

@article{Kutzelnigg-2006,
author = {Kutzelnigg, Werner and Liu, Wenjian},
title = {Quasirelativistic theory {I}. {T}heory in terms of a quasi-relativistic operator},
journal = MP,
volume = {104},
number = {13-14},
pages = {2225--2240},
year = {2006},
doi = {10.1080/00268970600662481},
URL = {http://dx.doi.org/10.1080/00268970600662481},
eprint = {http://dx.doi.org/10.1080/00268970600662481}
}

@incollection{Eichler-2015,
year={2015},
isbn={978-3-319-10198-9},
booktitle={Nuclear Physics: Present and Future},
series={FIAS Interdisciplinary Science Series},
editor={Greiner, Walter},
title={Superheavy Element Chemistry},
publisher={Springer International Publishing},
author={Eichler, Robert},
pages={33--43},
language={English}
}

@article {Eichler-2007,
author = {Eichler, Robert and Aksenov, Nikolay V. and Belozerov, Alexey V. and Bozhikov, Gospodin A. and Chepigin, Victor I. and Dmitriev, Sergey N. and Dressler, Rugard and G\"aggeler, Heinz W. and Gorshkov, Alexander V. and Itkis, Mikhail G. and Haenssler, Florian and Laube, Andreas and Lebedev, Viacheslav Ya. and Malyshev, Oleg N. and Oganessian, Yuri Ts. and Petrushkin, Oleg V. and Piguet, David and Popeko, Andre ?G. and Rasmussen, Peter and Shishkin, Sergey V. and Serov, Alexey A. and Shutov, Alexey V. and Svirikhin, Alexander I. and Tereshatov, Evgeny E. and Vostokin, Grigory K. and Wegrzecki, Maciej and Yeremin, Alexander V.},
title = {Thermochemical and Physical Properties of Element 112},
journal = ACIE,
volume = {47},
number = {17},
publisher = {WILEY-VCH Verlag},
issn = {1521-3773},
url = {http://dx.doi.org/10.1002/anie.200705019},
doi = {10.1002/anie.200705019},
pages = {3262--3266},
keywords = {adsorption, element 112, gas chromatography, thermochemistry, transactinides},
year = {2008},
}

@article{Furry-1937,
  title = {A Symmetry Theorem in the Positron Theory},
  author = {Furry, W. H.},
  journal = {Phys. Rev.},
  volume = {51},
  issue = {2},
  pages = {125--129},
  numpages = {0},
  year = {1937},
  month = {Jan},
  publisher = {American Physical Society},
  doi = {10.1103/PhysRev.51.125},
  url = {http://link.aps.org/doi/10.1103/PhysRev.51.125}
}

@article {Gaston-2007,
author = {Gaston, Nicola and Opahle, Ingo and G\"aggeler, Heinz W. and Schwerdtfeger, Peter},
title = {Is Eka-Mercury (Element 112) a Group 12 Metal?},
journal = ACIE,
volume = {46},
number = {10},
publisher = {WILEY-VCH Verlag},
issn = {1521-3773},
url = {http://dx.doi.org/10.1002/anie.200604262},
doi = {10.1002/anie.200604262},
pages = {1663--1666},
keywords = {density functional calculations, electronic structure, element 112, relativistic effects, semiconductors},
year = {2007},
}

@article{Hermann-2007,
  title = {Convergence of the many-body expansion of interaction potentials: From van der Waals to covalent and metallic systems},
  author = {Hermann, Andreas and Krawczyk, Robert P. and Lein, Matthias and Schwerdtfeger, Peter and Hamilton, I. P. and Stewart, James J. P.},
  journal = PRA,
  volume = {76},
  issue = {1},
  pages = {013202},
  numpages = {10},
  year = {2007},
  month = {Jul},
  publisher = {American Physical Society},
  doi = {10.1103/PhysRevA.76.013202},
  url = {http://link.aps.org/doi/10.1103/PhysRevA.76.013202}
}

@article{Paulus-2004,
  title = {Convergence of the ab initio many-body expansion for the cohesive energy of solid mercury},
  author = {Paulus, Beate and Rosciszewski, Krzysztof and Gaston, Nicola and Schwerdtfeger, Peter and Stoll, Hermann},
  journal = PRB,
  volume = {70},
  issue = {16},
  pages = {165106},
  numpages = {9},
  year = {2004},
  month = {Oct},
  publisher = {American Physical Society},
  doi = {10.1103/PhysRevB.70.165106},
  url = {http://link.aps.org/doi/10.1103/PhysRevB.70.165106}
}

@article{Pahl-2011,
year={2011},
issn={1432-881X},
journal=TCACC,
volume={129},
number={3-5},
doi={10.1007/s00214-011-0912-1},
title={Accurate potential energy curves for the group 12 dimers {Z}n$_2$, {C}d$_2$, and {H}g$_2$},
url={http://dx.doi.org/10.1007/s00214-011-0912-1},
publisher={Springer-Verlag},
keywords={Potential energy curves; Zn dimer; Cd dimer; Hg dimer; Relativistic effects},
author={Pahl, Elke and Figgen, Detlev and Borschevsky, Anastasia and Peterson, KirkA. and Schwerdtfeger, Peter},
pages={651--656},
language={English}
}

@article{Hangele-2014,
title = "Coupled-Cluster and \{DFT\} Studies of the Copernicium Dimer Including {QED} Effects",
journal = CPL,
volume = "-",
number = "0",
pages = " - ",
year = "2014",
issn = "0009-2614",
doi = "http://dx.doi.org/10.1016/j.cplett.2014.10.048",
url = "http://www.sciencedirect.com/science/article/pii/S0009261414009075",
author = "Tim Hangele and Michael Dolg"
}

@article{pershina-2011,
  title={Relativistic electronic structure studies on the heaviest elements},
  author={Pershina, Valeria},
  journal=RCA,
  volume={99},
  number={7-8},
  pages={459--476},
  year={2011}
}

@article{Giacobbe-2004,
  author = {Giacobbe, F. W.},
  journal = {Electronic J. Theoret. Phys.},
  title = {Relativistic Effects in Limiting the Atomic Number of Superheavy Elements},
  volume = {1},
  issue = {1},
  pages = {1--9},
  year={2004}
}
@article{Tucker-1968,
  title = {Calculation of the Electron Binding Energies and X-Ray Energies for the Superheavy Elements 114, 126, and 140 Using Relativistic Self-Consistent-Field Atomic Wave Functions},
  author = {Tucker, Thomas C. and Roberts, Louis D. and Nestor, C. W. and Carlson, Thomas A. and Malik, F. B.},
  journal = PR,
  volume = {174},
  issue = {1},
  pages = {118--124},
  numpages = {0},
  year = {1968},
  month = {Oct},
  publisher = {American Physical Society},
  doi = {10.1103/PhysRev.174.118},
  url = {http://link.aps.org/doi/10.1103/PhysRev.174.118}
}

@article{Schonfeld-1998,
title = "Calculation of fractional electron capture probabilities ",
journal = "Appl. Rad. Isotop.",
volume = "49",
number = "9-11",
pages = "1353--1357",
year = "1998",
issn = "0969-8043",
doi = "http://dx.doi.org/10.1016/S0969-8043(97)10073-2",
url = "http://www.sciencedirect.com/science/article/pii/S0969804397100732",
author = {E. Sch\"onfeld}
}

@article{Wuellen-2006,
   author = {Mitin, Alexander V. and van W\"ullen, Christoph},
   title = "Two-component relativistic density-functional calculations of the dimers of the halogens from bromine through element 117 using effective core potential and all-electron methods",
   journal = JCP,
   year = "2006",
   volume = "124",
   number = "6", 
   pages = "064305",
   url = "http://scitation.aip.org/content/aip/journal/jcp/124/6/10.1063/1.2165175",
   doi = "http://dx.doi.org/10.1063/1.2165175" 
}

@article{Gitman-2013,
  author={D M Gitman and A D Levin and I V Tyutin and B L Voronov},
  title={Electronic structure of super heavy atoms revisited},
  journal=PS,
  volume={87},
  number={3},
  pages={038104},
  url={http://stacks.iop.org/1402-4896/87/i=3/a=038104},
  year={2013}
}

@article {Schaedel-2006,
author = {Sch\"adel, Matthias},
title = {Chemistry of Superheavy Elements},
journal = ACIE,
volume = {45},
number = {3},
publisher = {WILEY-VCH Verlag},
issn = {1521-3773},
url = {http://dx.doi.org/10.1002/anie.200461072},
doi = {10.1002/anie.200461072},
pages = {368--401},
keywords = {atom-at-a-time chemistry, periodic table, relativistic effects, superheavy elements, transactinides},
year = {2006},
}

@incollection{Fricke-1975,
year={1975},
isbn={978-3-540-07109-9},
booktitle={Recent Impact of Physics on Inorganic Chemistry},
volume={21},
series={Structure and Bonding},
doi={10.1007/BFb0116498},
title={Superheavy elements a prediction of their chemical and physical properties},
url={http://dx.doi.org/10.1007/BFb0116498},
publisher={Springer Berlin Heidelberg},
author={Fricke, Burkhard},
pages={89--144},
language={English}
}

@incollection{Seth-1998,
title = {Relativistic Effects of the Superheavy Elements},
author = {Schwerdtfeger, Peter and Seth, Michael},
publisher = {John Wiley \& Sons, Ltd},
editor = {Schleyer, P. von R.  and Schreiner, P. R.  and Allinger, N. L.  and Clark, T.  and Gasteiger, J.  and Kollman, P. A.  and Schaefer III, H. F.},
isbn = {9780470845011},
pages = {2480--2499},
volume = {4},
url = {http://dx.doi.org/10.1002/0470845015.cra007},
doi = {10.1002/0470845015.cra007},
booktitle = {Encyclopedia of Computational Chemistry},
year = {1998}
}

@book{berestetskii-1982,
   title={Quantum electrodynamics},
   author={Berestetskii, Vladimir Borisovich and Lifshitz, Evgenii Mikhailovich and Pitaevski\u\i, Lev Petrovich},
  volume={4},
  year={1982},
  publisher={Butterworth-Heinemann}
}


@article{Flambaum-2005,
  title = {Radiative potential and calculations of {QED} radiative corrections to energy levels and electromagnetic amplitudes in many-electron atoms},
  author = {Flambaum, V. V. and Ginges, J. S. M.},
  journal = PRA,
  volume = {72},
  issue = {5},
  pages = {052115},
  numpages = {13},
  year = {2005},
  month = {Nov},
  publisher = {American Physical Society},
  doi = {10.1103/PhysRevA.72.052115},
  url = {http://link.aps.org/doi/10.1103/PhysRevA.72.052115}
}

@article{Shabaev-2014,
title = {{QEDMOD}: Fortran program for calculating the model {L}amb-shift operator},
author = {V. M. Shabaev and I. I. Tupitsyn and V. A. Yerokhin},
journal = CPC,
volume = "",
number = "",
pages = " - ",
year = "2014",
note = "",
issn = "0010-4655",
doi = "http://dx.doi.org/10.1016/j.cpc.2014.12.002",
url = "http://www.sciencedirect.com/science/article/pii/S0010465514004081"
}

@article{Dyall-2013,
   author = "Dyall, Kenneth G.",
   title = "Communication: Spectral representation of the {L}amb shift for atomic and molecular calculations",
   journal = JCP,
   year = "2013",
   volume = "139",
   number = "2", 
   pages = "021103",
   url = "http://scitation.aip.org/content/aip/journal/jcp/139/2/10.1063/1.4813483",
   doi = "http://dx.doi.org/10.1063/1.4813483" 
}

@article{Mohr-Kim-1992,
  title = {Self-energy of excited states in a strong {C}oulomb field},
  author = {Mohr, Peter J. and Kim, Yong-Ki},
  journal = PRA,
  volume = {45},
  issue = {5},
  pages = {2727--2735},
  numpages = {0},
  year = {1992},
  month = {Mar},
  publisher = {American Physical Society},
  doi = {10.1103/PhysRevA.45.2727},
  url = {http://link.aps.org/doi/10.1103/PhysRevA.45.2727}
}

@article{Fritzsche-2005,
year={2005},
issn={1434-6060},
journal=EJD,
volume={33},
number={1},
doi={10.1140/epjd/e2005-00013-1},
title={On the accuracy of valence-shell computations for heavy and superÔøΩheavy elements},
url={http://dx.doi.org/10.1140/epjd/e2005-00013-1},
publisher={EDP Sciences},
author={Fritzsche, S.},
pages={15--21},
language={English}
}
	
@article{Dzuba-1989,
title = "Summation of the perturbation theory high order contributions to the correlation correction for the energy levels of the caesium atom ",
author = "    V. A. Dzuba and V. V. Flambaum and O.P. Sushkov",
journal = PLA,
volume = "140",
number = "9",
pages = "493 - 497",
year = "1989",
issn = "0375-9601",
doi = "http://dx.doi.org/10.1016/0375-9601(89)90129-1",
url = "http://www.sciencedirect.com/science/article/pii/0375960189901291"
}

@article{Schwarz-Wezenbeek-1989,
  author={W H E Schwarz and E M van Wezenbeek and E J Baerends and J G Snijders},
  title={The origin of relativistic effects of atomic orbitals},
  journal=JPB,
  volume={22},
  number={10},
  pages={1515--1530},
  url={http://stacks.iop.org/0953-4075/22/i=10/a=008},
  year={1989}
}

@article{kallen-sabry-1955,
  title={Fourth-order vacuum polarization},
  author={K{\"a}ll{\'e}n, Gunnar and Sabry, A},
  journal={Dan. Mat. Fys. Medd.},
  volume={29},
  number={CERN-55-17},
  pages={1--20},
  year={1955}
}

@article{Wichmann-Kroll-1956,
  title = {Vacuum Polarization in a Strong {C}oulomb Field},
  author = {Wichmann, Eyvind H. and Kroll, Norman M.},
  journal = {Phys. Rev.},
  volume = {101},
  issue = {2},
  pages = {843--859},
  numpages = {0},
  year = {1956},
  month = {Jan},
  publisher = {American Physical Society},
  doi = {10.1103/PhysRev.101.843},
  url = {http://link.aps.org/doi/10.1103/PhysRev.101.843}
}

@article{Frolov-2012,
year={2012},
issn={1434-6028},
journal=EJD,
pages={348},
volume={85},
number={10},
doi={10.1140/epjb/e2012-30408-4},
title={Analytical formula for the {U}ehling potential},
url={http://dx.doi.org/10.1140/epjb/e2012-30408-4},
publisher={Springer-Verlag},
keywords={Computational Methods},
author={Frolov, A.M. and Wardlaw, D.M.},
language={English}
}

@article{Uehling-1935,
  title = {Polarization Effects in the Positron Theory},
  author = {Uehling, E. A.},
  journal = PR,
  volume = {48},
  issue = {1},
  pages = {55--63},
  numpages = {0},
  year = {1935},
  month = {Jul},
  publisher = {American Physical Society},
  doi = {10.1103/PhysRev.48.55},
  url = {http://link.aps.org/doi/10.1103/PhysRev.48.55}
}

@article{Lindgren-2004,
title = "The covariant-evolution-operator method in bound-state {QED} ",
journal = PREP,
volume = "389",
number = "4",
pages = "161--261",
year = "2004",
issn = "0370-1573",
doi = "http://dx.doi.org/10.1016/j.physrep.2003.09.004",
url = "http://www.sciencedirect.com/science/article/pii/S0370157303003831",
author = {Ingvar Lindgren and Sten Salomonson and BjÔøΩrn {\AA}s\'en}
}

@article{Shabaev-2002,
title = "Two-time {G}reen's function method in quantum electrodynamics of high-{Z} few-electron atoms",
journal = PREP,
volume = "356",
number = "3",
pages = "119--28",
year = "2002",
issn = "0370-1573",
doi = "http://dx.doi.org/10.1016/S0370-1573(01)00024-2",
url = "http://www.sciencedirect.com/science/article/pii/S0370157301000242",
author = "V.M. Shabaev"
}

@article{Shabaev-1985,
  author={V.~M.~Shabaev},
  title={Mass corrections in a strong nuclear field},
  journal={Theoret. and Math. Phys.},
  year={1985},
  volume={63},
  issue = {3},
  pages = {588--596},
  url = {http://dx.doi.org/10.1007/BF01017505}
}

@article{Zeldovich-1972,
  author={Ya B Zel'dovich and Valentin S Popov},
  title={ELECTRONIC STRUCTURE OF SUPERHEAVY ATOMS},
  journal={Soviet Physics Uspekhi},
  volume={14},
  number={6},
  pages={673},
  url={http://stacks.iop.org/0038-5670/14/i=6/a=R01},
  year={1972}
}

@article{Plesset-1932,
  title = {The {D}irac Electron in Simple Fields},
  author = {Plesset, Milton S.},
  journal = PR,
  volume = {41},
  issue = {3},
  pages = {278--290},
  numpages = {0},
  year = {1932},
  month = {Aug},
  publisher = {American Physical Society},
  doi = {10.1103/PhysRev.41.278},
  url = {http://link.aps.org/doi/10.1103/PhysRev.41.278}
}

@article{Klein-1929,
year={1929},
issn={0044-3328},
journal=ZP,
volume={53},
number={3-4},
doi={10.1007/BF01339716},
title={Die {R}eflexion von {E}lektronen an einem {P}otentialsprung nach der relativistischen {D}ynamik von {D}irac},
url={http://dx.doi.org/10.1007/BF01339716},
publisher={Springer-Verlag},
author={Klein, O.},
pages={157-165},
language={German}
}

@article{Johnson-Soff-1985,
title = "The {L}amb shift in hydrogen-like atoms, 1 $<$ {Z} $<$ 110",
journal = ADNDT,
volume = "33",
number = "3",
pages = "405--446",
year = "1985",
issn = "0092-640X",
doi = "http://dx.doi.org/10.1016/0092-640X(85)90010-5",
url = "http://www.sciencedirect.com/science/article/pii/0092640X85900105",
author = "W.R. Johnson and Gerhard Soff"
}

@book{choppin-2002,
  title={Radiochemistry and Nuclear Chemistry},
  author={Choppin, Gregory R. and Liljenzin, Jan-Olov and Rydberg, Jan},
  year={2002},
  publisher={Butterworth-Heinemann}
}

@book{greiner-1985x,
  title={Quantum Electrodynamics of Strong Fields},
  year={1985},
  author={Greiner, W and M{\"u}ller, B and Rafelski, J},
  publisher={Springer-Verlag, Berlin}
}

@article{grasp-1989,
title = "{GRASP}: A general-purpose relativistic atomic structure program ",
journal = CPC,
volume = "55",
number = "3",
pages = "425--456",
year = "1989",
issn = "0010-4655",
doi = "http://dx.doi.org/10.1016/0010-4655(89)90136-7",
url = "http://www.sciencedirect.com/science/article/pii/0010465589901367",
author = "K.G. Dyall and I.P. Grant and C.T. Johnson and F.A. Parpia and E.P. Plummer"
}
	
@article{brown-1951,
  title={On the interaction of two electrons},
  author={Brown, G. E. and Ravenhall, D. G.},
  journal= PRSLA,
  pages={552--559},
  year={1951},
  publisher={JSTOR}
}

@article{Hotop-1999,
   author = "Andersen, T. and Haugen, H. K. and Hotop, H.",
   title = "Binding Energies in Atomic Negative Ions: {III}",
   journal = JPCRD,
   year = "1999",
   volume = "28",
   number = "6",
   pages = "1511--1533",
   url = "http://scitation.aip.org/content/aip/journal/jpcrd/28/6/10.1063/1.556047",
   doi = "http://dx.doi.org/10.1063/1.556047" 
}

@TECHREPORT{Moore-1971,
	author = "C. E. Moore",
	title = "Atomic Energy Levels",
	institution = "Natl. Bur. Stand. Ref. Data Ser., Nat. Bur. Stand. (US) Circ. No. NSRDS-NBS 35",
	year = 1971,
    volume = "{III}",
	address = "U.S. GPO, Washington D.C."
	}

@article{Eliav-Kaldor-1994,
  title = {Open-shell relativistic coupled-cluster method with {D}irac-{F}ock-{B}reit wave functions: Energies of the gold atom and its cation},
  author = {Eliav, Ephraim and Kaldor, Uzi and Ishikawa, Yasuyuki},
  journal = PRA,
  volume = {49},
  issue = {3},
  pages = {1724--1729},
  numpages = {0},
  year = {1994},
  month = {Mar},
  publisher = {American Physical Society},
  doi = {10.1103/PhysRevA.49.1724},
  url = {http://link.aps.org/doi/10.1103/PhysRevA.49.1724}
}
 

@incollection{Greiner-1991,
year={1991},
isbn={978-1-4757-0443-3},
booktitle={Vacuum Structure in Intense Fields},
volume={255},
series={NATO ASI Series},
editor={Fried, H.M. and M\"uller, Berndt},
title={{QED} in Strong {C}oulomb Fields: Charged Vacuum, Atomic Clock, and Correlated, Narrow {$e^+e^-$}-Lines},
publisher={Springer US},
author={Graf, S. and M\"uller, B. and Stein, E. and Reinhardt, J. and Soff, G. and Greiner, W.},
pages={119--151},
language={English}
}

@article{greiner-2009,
  title={The extension of the Periodic System: {S}uperheavy - superneutronic},
  author={Greiner, Walter and Zagrebaev, Valerii Ivanovich},
  journal={Russ. Chem. Rev.},
  volume={78},
  number={12},
  pages={1089--1109},
  year={2009},
  publisher={Turpion Ltd}
}

@article{Indelicato-2011,
year={2011},
issn={1432-881X},
journal=TCACC,
volume={129},
number={3-5},
doi={10.1007/s00214-010-0887-3},
title={Are {MCDF} calculations 101\% correct in the super-heavy elements range?},
url={http://dx.doi.org/10.1007/s00214-010-0887-3},
publisher={Springer-Verlag},
author={Indelicato, Paul and Biero, Jacek and J\"onsson, Per},
pages={495-505},
language={English}
}

@incollection{Greiner-1998,
title = "Correlations in the Vacuum ",
editor = {Per-Olov L\"owdin},
publisher = "Academic Press",
year = "1998",
volume = "30",
pages = "195 - 208",
series = "Advances in Quantum Chemistry ",
issn = "0065-3276",
doi = "http://dx.doi.org/10.1016/S0065-3276(08)60508-0",
url = "http://www.sciencedirect.com/science/article/pii/S0065327608605080",
author = "Walter Greiner"
}

@article {Lindgren-2014,
author = {Lindgren, Ingvar},
title = {Development of many-body perturbation theory: How to combine with quantum electrodynamics},
journal = IJQC,
volume = {114},
number = {18},
issn = {1097-461X},
url = {http://dx.doi.org/10.1002/qua.24629},
doi = {10.1002/qua.24629},
pages = {1176--1182},
keywords = {many-body perturbation theory, quantum, electrodynamics, relativistic quantum chemistry},
year = {2014},
}

@article{Yerokhin-1995,
title = "Accurate calculation of self-energy screening diagrams for high {Z} helium-like atoms ",
journal = PLA,
volume = "207",
number = "5",
pages = "274--280",
year = "1995",
note = "",
issn = "0375-9601",
doi = "http://dx.doi.org/10.1016/0375-9601(95)00692-V",
url = "http://www.sciencedirect.com/science/article/pii/037596019500692V",
author = "V.A. Yerokhin and V.M. Shabaev"
}

@article{Sikkema-2009,
   author = "Sikkema, Jetze and Visscher, Lucas and Saue, Trond and Ilia\v{s}, Miroslav",
   title = "The molecular mean-field approach for correlated relativistic calculations",
   journal = JCP,
   year = "2009",
   volume = "131",
   number = "12", 
   pages = "124116",
   url = "http://scitation.aip.org/content/aip/journal/jcp/131/12/10.1063/1.3239505",
   doi = "http://dx.doi.org/10.1063/1.3239505" 
}
  	
@article{Heully-1986,
  author={J.-L. Heully and I. Lindgren and E. Lindroth and S. Lundqvist and A.-M. M{\aa}rtensson-Pendrill},
  title={Diagonalisation of the {D}irac Hamiltonian as a basis for a relativistic many-body procedure},
  journal=JPB,
  volume={19},
  number={18},
  pages={2799--2815},
  url={http://stacks.iop.org/0022-3700/19/i=18/a=011},
  year={1986}
}
	
	
@article{Sucher-1980,
  title = {Foundations of the relativistic theory of many-electron atoms},
  author = {Sucher, J.},
  journal = PRA,
  volume = {22},
  issue = {2},
  pages = {348--362},
  numpages = {0},
  year = {1980},
  month = {Aug},
  publisher = {American Physical Society},
  doi = {10.1103/PhysRevA.22.348},
  url = {http://link.aps.org/doi/10.1103/PhysRevA.22.348}
}

@article{Peng-Reiher-2012,
year={2012},
issn={1432-881X},
journal=TCACC,
pages={1081},
volume={131},
number={1},
doi={10.1007/s00214-011-1081-y},
title={Exact decoupling of the relativistic {F}ock operator},
url={http://dx.doi.org/10.1007/s00214-011-1081-y},
publisher={Springer-Verlag},
keywords={Relativistic electronic structure theory; Fock operator; {D}ouglas-{K}roll-{H}ess method; X2C method; Picture change error},
author={Peng, Daoling and Reiher, Markus},
language={English}
}

@article{Dolg-2012,
author = {Dolg, Michael and Cao, Xiaoyan},
title = {Relativistic Pseudopotentials: Their Development and Scope of Applications},
journal = CR,
volume = {112},
number = {1},
pages = {403--480},
year = {2012},
doi = {10.1021/cr2001383},
note ={PMID: 21913696},
URL = {http://dx.doi.org/10.1021/cr2001383},
eprint = {http://dx.doi.org/10.1021/cr2001383}
}

@article{Drake-1988,
author = {Drake, G. W.},
title = {Theoretical energies for the n?=?1 and 2 states of the helium isoelectronic sequence up to Z?=?100},
journal = {Can. J. Phys.},
volume = {66},
number = {7},
pages = {586--611},
year = {1988},
doi = {10.1139/p88-100},
URL = {http://www.nrcresearchpress.com/doi/abs/10.1139/p88-100},
eprint = {http://www.nrcresearchpress.com/doi/pdf/10.1139/p88-100}
}

@article{Aoyama-2012,
  title = {Tenth-Order {QED} Contribution to the Electron $g\mathbf{-}2$ and an Improved Value of the Fine Structure Constant},
  author = {Aoyama, Tatsumi and Hayakawa, Masashi and Kinoshita, Toichiro and Nio, Makiko},
  journal = PRL,
  volume = {109},
  issue = {11},
  pages = {111807},
  numpages = {4},
  year = {2012},
  month = {Sep},
  publisher = {American Physical Society},
  doi = {10.1103/PhysRevLett.109.111807},
  url = {http://link.aps.org/doi/10.1103/PhysRevLett.109.111807}
}

@article{Gabrielse-2008,
  title = {New Measurement of the Electron Magnetic Moment and the Fine Structure Constant},
  author = {Hanneke, D. and Fogwell, S. and Gabrielse, G.},
  journal = PRL,
  volume = {100},
  issue = {12},
  pages = {120801},
  numpages = {4},
  year = {2008},
  month = {Mar},
  publisher = {American Physical Society},
  doi = {10.1103/PhysRevLett.100.120801},
  url = {http://link.aps.org/doi/10.1103/PhysRevLett.100.120801}
}

@article{Gabrielse-2006,
  title = {New Determination of the Fine Structure Constant from the Electron $g$ Value and {QED}},
  author = {Gabrielse, G. and Hanneke, D. and Kinoshita, T. and Nio, M. and Odom, B.},
  journal = PRL,
  volume = {97},
  issue = {3},
  pages = {030802},
  numpages = {4},
  year = {2006},
  month = {Jul},
  publisher = {American Physical Society},
  doi = {10.1103/PhysRevLett.97.030802},
  url = {http://link.aps.org/doi/10.1103/PhysRevLett.97.030802}
}

@Misc{DIRAC13,
      note = "{DIRAC}, a relativistic ab initio electronic structure program,
      Release {DIRAC13} (2013),
      written by L.~Visscher, H.~J.~{\relax Aa}.~Jensen, R.~Bast, and T.~Saue,
      with contributions from V.~Bakken, K.~G.~Dyall, S.~Dubillard,
      U.~Ekstr{\"o}m, E.~Eliav, T.~Enevoldsen, E.~Fa{\ss}hauer, T.~Fleig, O.~Fossgaard,
      A.~S.~P.~Gomes, T.~Helgaker, J.~K.~L{\ae}rdahl, Y.~S.~Lee, J.~Henriksson,
      M.~Ilia{\v{s}}, Ch.~R.~Jacob, S.~Knecht, S.~Komorovsk{\'y}, O.~Kullie, C.~V.~Larsen, H.~S.~Nataraj,
      P.~Norman, G.~Olejniczak, J.~Olsen, Y.~C.~Park, J.~K.~Pedersen, M.~Pernpointner,      
      K.~Ruud, P.~Sa{\l}ek, B.~Schimmelpfennig, J.~Sikkema, A.~J.~Thorvaldsen,
      J.~Thyssen, J.~van~Stralen, S.~Villaume, O.~Visser, T.~Winther,
      and S.~Yamamoto
      (see http://www.diracprogram.org)"
     }
     
@article{Wolf-2002,
   author = "Wolf, Alexander and Reiher, Markus and Hess, Bernd Artur",
   title = "The generalized {D}ouglas-{K}roll transformation",
   journal = JCP,
   year = "2002",
   volume = "117",
   number = "20",
   pages = "9215--9226",
   url = "http://scitation.aip.org/content/aip/journal/jcp/117/20/10.1063/1.1515314",
   doi = "http://dx.doi.org/10.1063/1.1515314" 
}

@article{Dyall-1997,
   author = "Dyall, Kenneth G.",
   title = "Interfacing relativistic and nonrelativistic methods. {I}. {N}ormalized elimination of the small component in the modified {D}irac equation",
   journal = JCP,
   year = "1997",
   volume = "106",
   number = "23", 
   pages = "9618--9626",
   url = "http://scitation.aip.org/content/aip/journal/jcp/106/23/10.1063/1.473860",
   doi = "http://dx.doi.org/10.1063/1.473860" 
}

@article {Reiher-2012,
author = {Reiher, Markus},
title = {Relativistic {D}ouglas-{K}roll-Hess theory},
journal = {WIREs Comput. Mol. Sci.},
volume = {2},
number = {1},
publisher = {John Wiley & Sons, Inc.},
issn = {1759-0884},
url = {http://dx.doi.org/10.1002/wcms.67},
doi = {10.1002/wcms.67},
pages = {139--149},
year = {2012},
}

@article{vanLenthe-1996,
   author = "van Lenthe, E. and Snijders, J. G. and Baerends, E. J.",
   title = "The zero-order regular approximation for relativistic effects: The effect of spin-orbit coupling in closed shell molecules",
   journal = JCP,
   year = "1996",
   volume = "105",
   number = "15",
   pages = "6505--6516",
   url = "http://scitation.aip.org/content/aip/journal/jcp/105/15/10.1063/1.472460",
   doi = "http://dx.doi.org/10.1063/1.472460" 
}

@article{vanLenthe-1994,
   author = "van Lenthe, E. and Baerends, E. J. and Snijders, J. G.",
   title = "Relativistic total energy using regular approximations",
   journal = JCP,
   year = "1994",
   volume = "101",
   number = "11",
   pages = "9783--9792",
   url = "http://scitation.aip.org/content/aip/journal/jcp/101/11/10.1063/1.467943",
   doi = "http://dx.doi.org/10.1063/1.467943" 
}

@article{Ilias-2007,
   author = "Ilia\v{s}, Miroslav and Saue, Trond",
   title = "An infinite-order two-component relativistic Hamiltonian by a simple one-step transformation",
   journal = JCP,
   year = "2007",
   volume = "126",
   number = "6", 
   pages = "064102",
   url = "http://scitation.aip.org/content/aip/journal/jcp/126/6/10.1063/1.2436882",
   doi = "http://dx.doi.org/10.1063/1.2436882" 
}

@article{Eliav-1996a,
  title = {Element 118: The First Rare Gas with an Electron Affinity},
  author = {Eliav, Ephraim and Kaldor, Uzi and Ishikawa, Yasuyuki and Pyykk\"o, Pekka},
  journal = PRL,
  volume = {77},
  issue = {27},
  pages = {5350--5352},
  numpages = {0},
  year = {1996},
  month = {Dec},
  publisher = {American Physical Society},
  doi = {10.1103/PhysRevLett.77.5350},
  url = {http://link.aps.org/doi/10.1103/PhysRevLett.77.5350}
}

@article{Eliav-1996,
  title = {Calculated energy levels of thallium and eka-thallium (element 113)},
  author = {Eliav, Ephraim and Kaldor, Uzi and Ishikawa, Yasuyuki and Seth, Michael and Pyykk\"o, Pekka},
  journal = PRA,
  volume = {53},
  issue = {6},
  pages = {3926--3933},
  numpages = {0},
  year = {1996},
  month = {Jun},
  publisher = {American Physical Society},
  doi = {10.1103/PhysRevA.53.3926},
  url = {http://link.aps.org/doi/10.1103/PhysRevA.53.3926}
}

@incollection{Landau-2001a,
title = "Intermediate Hamiltonian {F}ock-space coupled-cluster method",
editor = {J.R. Sabin and E. B\"aandas},
booktitle = "New Perspectives in Quantum Systems in Chemistry and Physics, Part 1",
publisher = "Academic Press",
year = "2001",
volume = "39",
pages = "171--188",
series = "Adv. Quantum Chem.",
issn = "0065-3276",
doi = "http://dx.doi.org/10.1016/S0065-3276(05)39011-3",
url = "http://www.sciencedirect.com/science/article/pii/S0065327605390113",
author = "Arie Landau and Ephraim Eliav and Uzi Kaldor"
}

@incollection{Kaldor-1998,
title = "High-Accuracy Calculations for Heavy and Super-Heavy Elements",
editor = {John R. Sabin, Michael C. Zerner, Erkki Br\"andas, S. Wilson, J. Maruani, Y.G. Smeyers, P.J. Grout and R. McWeeny},
publisher = "Academic Press",
year = "1998",
volume = "31",
pages = "313--336",
series = "Advances in Quantum Chemistry ",
issn = "0065-3276",
doi = "http://dx.doi.org/10.1016/S0065-3276(08)60194-X",
url = "http://www.sciencedirect.com/science/article/pii/S006532760860194X",
author = "Uzi Kaldor and Ephraim Eliav"
}

@article{Landau-2001,
   author = "Landau, Arie and Eliav, Ephraim and Ishikawa, Yasuyuki and Kaldor, Uzi",
   title = "Electronic structure of eka-lead (element 114) compared with lead",
   journal = JCP,
   year = "2001",
   volume = "114",
   number = "7",
   pages = "2977--2980",
   url = "http://scitation.aip.org/content/aip/journal/jcp/114/7/10.1063/1.1342763",
   doi = "http://dx.doi.org/10.1063/1.1342763" 
}

@article{Eliav-1995a,
  title = {Ground State Electron Configuration of Rutherfordium: Role of Dynamic Correlation},
  author = {Eliav, Ephraim and Kaldor, Uzi and Ishikawa, Yasuyuki},
  journal = PRL,
  volume = {74},
  issue = {7},
  pages = {1079--1082},
  numpages = {0},
  year = {1995},
  month = {Feb},
  publisher = {American Physical Society},
  doi = {10.1103/PhysRevLett.74.1079},
  url = {http://link.aps.org/doi/10.1103/PhysRevLett.74.1079}
}

@article{Eliav-1994,
  title = {Ground State Electron Configuration of Element 111},
  author = {Eliav, Ephraim and Kaldor, Uzi and Schwerdtfeger, Peter and Hess, Bernd A. and Ishikawa, Yasuyuki},
  journal = PRL,
  volume = {73},
  issue = {24},
  pages = {3203--3206},
  numpages = {0},
  year = {1994},
  month = {Dec},
  publisher = {American Physical Society},
  doi = {10.1103/PhysRevLett.73.3203},
  url = {http://link.aps.org/doi/10.1103/PhysRevLett.73.3203}
}

@article{Eliav-1995,
  title = {Transition energies of mercury and ekamercury (element 112) by the relativistic coupled-cluster method},
  author = {Eliav, Ephraim and Kaldor, Uzi and Ishikawa, Yasuyuki},
  journal = PRA,
  volume = {52},
  issue = {4},
  pages = {2765--2769},
  numpages = {0},
  year = {1995},
  month = {Oct},
  publisher = {American Physical Society},
  doi = {10.1103/PhysRevA.52.2765},
  url = {http://link.aps.org/doi/10.1103/PhysRevA.52.2765}
}

@article{Visscher-2001,
   author = "Visscher, Lucas and Eliav, Ephraim and Kaldor, Uzi",
   title = "Formulation and implementation of the relativistic {F}ock-space coupled cluster method for molecules",
   journal = JCP,
   year = "2001",
   volume = "115",
   number = "21",
   pages = "9720--9726",
   url = "http://scitation.aip.org/content/aip/journal/jcp/115/21/10.1063/1.1415746",
   doi = "http://dx.doi.org/10.1063/1.1415746" 
}

@article{Carlson-1969,
title = "Calculation of {K}, {L}, {M} and {N} binding energies and {K} {X}-rays for elements from {Z} = 96-120 ",
journal = NPA,
author = "Thomas A. Carlson and C. W. Nestor Jr. and F. B. Malik and Thomas C. Tucker",
volume = "135",
number = "1",
pages = "57--64",
year = "1969",
issn = "0375-9474",
doi = "http://dx.doi.org/10.1016/0375-9474(69)90147-X",
url = "http://www.sciencedirect.com/science/article/pii/037594746990147X"
}

@article{Sick-1974,
title = "Model-independent nuclear charge densities from elastic electron scattering",
journal = NPA,
volume = "218",
number = "3",
pages = "509--541",
year = "1974",
issn = "0375-9474",
doi = "http://dx.doi.org/10.1016/0375-9474(74)90039-6",
url = "http://www.sciencedirect.com/science/article/pii/0375947474900396",
author = "I. Sick"
}

@incollection{Martensson-Pendrill-2003,
title = "The Atomic Nucleus",
author = "Martin G. H. Gustavsson and Ann-Marie M{\aa}rtensson-Pendrill",
series = "Handbook of Molecular Physics and Quantum Chemistry",
publisher = "(Vol 1, Ed. S. Wilson, Wiley)",
pages = "477--484",
year = "2003"
}

@incollection{Andrea-2002,
title = "Nuclear charge density distributions in quantum chemistry",
editor = "Peter Schwerdtfeger",
booktitle = "Relativistic Electronic Structure Theory",
publisher = "Elsevier",
year = "2002",
volume = "11",
pages = "203--258",
series = "Theoretical and Computational Chemistry ",
issn = "1380-7323",
doi = "http://dx.doi.org/10.1016/S1380-7323(02)80030-9",
url = "http://www.sciencedirect.com/science/article/pii/S1380732302800309",
author = "Dirk Andrea"
}

@article{Hofstadter-1953,
  title = {High-Energy Electron Scattering and Nuclear Structure Determinations},
  author = {Hofstadter, R. and Fechter, H. R. and McIntyre, J. A.},
  journal = {Phys. Rev.},
  volume = {92},
  issue = {4},
  pages = {978--987},
  numpages = {0},
  year = {1953},
  month = {Nov},
  publisher = {American Physical Society},
  doi = {10.1103/PhysRev.92.978},
  url = {http://link.aps.org/doi/10.1103/PhysRev.92.978}
}

@book{lindgrenBook-2011,
  title={Relativistic many-body theory: a new field-theoretical approach},
  author={Lindgren, Ingvar},
  volume={63},
  year={2011},
  publisher={Springer, {B}erlin}
}

@article{Hangele-2013a,
   author = "Hangele, Tim and Dolg, Michael",
   title = "Accuracy of relativistic energy-consistent pseudopotentials for superheavy elements 111-118: Molecular calibration calculations",
   journal = JCP,
   year = "2013",
   volume = "138",
   number = "4", 
   pages = "044104",
   url = "http://scitation.aip.org/content/aip/journal/jcp/138/4/10.1063/1.4776757",
   doi = "http://dx.doi.org/10.1063/1.4776757" 
}

@article{Hangele-2013,
   author = "Hangele, Tim and Dolg, Michael and Schwerdtfeger, Peter",
   title = "Relativistic energy-consistent pseudopotentials for superheavy elements 119 and 120 including quantum electrodynamic effects",
   journal = JCP,
   year = "2013",
   volume = "138",
   number = "17", 
   pages = "174113",
   url = "http://scitation.aip.org/content/aip/journal/jcp/138/17/10.1063/1.4803148",
   doi = "http://dx.doi.org/10.1063/1.4803148" 
}

@article{Hangele-2012,
   author = "Hangele, Tim and Dolg, Michael and Hanrath, Michael and Cao, Xiaoyan and Schwerdtfeger, Peter",
   title = "Accurate relativistic energy-consistent pseudopotentials for the superheavy elements 111 to 118 including quantum electrodynamic effects",
   journal = JCP,
   year = "2012",
   volume = "136",
   number = "21", 
   pages = "214105",
   url = "http://scitation.aip.org/content/aip/journal/jcp/136/21/10.1063/1.4723805",
   doi = "http://dx.doi.org/10.1063/1.4723805" 
}

@article{Pyykko-Zhao-2003,
  author={Pekka Pyykk\"o and Li-Bo Zhao},
  title={Search for effective local model potentials for simulation of quantum electrodynamic effects in relativistic calculations},
  journal=JPB,
  volume={36},
  number={8},
  pages={1469},
  url={http://stacks.iop.org/0953-4075/36/i=8/a=302},
  year={2003},
  abstract={Local model potentials that simulate the self-energy effects on atomic energy levels and magnetic dipole hyperfine integrals are presented. They are proposed for use in relativistic atomic, molecular or solid-state calculations.}
}

@article{Liu-2013,
   author = "Liu, Wenjian and Lindgren, Ingvar",
   title = "Going beyond ``no-pair relativistic quantum chemistry''",
   journal = JCP,
   year = "2013",
   volume = "139",
   number = "1", 
   pages = "014108",
   url = "http://scitation.aip.org/content/aip/journal/jcp/139/1/10.1063/1.4811795",
   doi = "http://dx.doi.org/10.1063/1.4811795" 
}

@article {Lindgren-1996,
author = {Lindgren, Ingvar},
title = {Relativistic many-body and {QED} calculations on atomic systems},
journal = IJQC,
volume = {57},
number = {4},
publisher = {John Wiley & Sons, Inc.},
issn = {1097-461X},
url = {http://dx.doi.org/10.1002/(SICI)1097-461X(1996)57:4<683::AID-QUA15>3.0.CO;2-1},
doi = {10.1002/(SICI)1097-461X(1996)57:4<683::AID-QUA15>3.0.CO;2-1},
pages = {683--695},
year = {1996},
}

@article{Thierfelder-2009,
  title = {Scalar relativistic and spin-orbit effects in closed-shell superheavy-element monohydrides},
  author = {Thierfelder, Christian and Schwerdtfeger, Peter and Koers, Anton and Borschevsky, Anastasia and Fricke, Burkhard},
  journal = PRA,
  volume = {80},
  issue = {2},
  pages = {022501},
  numpages = {10},
  year = {2009},
  month = {Aug},
  publisher = {American Physical Society},
  doi = {10.1103/PhysRevA.80.022501},
  url = {http://link.aps.org/doi/10.1103/PhysRevA.80.022501}
}

@article{Thierfelder-2008,
year={2008},
issn={1434-6001},
journal=EJA,
volume={36},
number={2},
doi={10.1140/epja/i2008-10584-7},
title={{D}irac-{H}artree-{F}ock studies of {X}-ray transitions in meitnerium},
url={http://dx.doi.org/10.1140/epja/i2008-10584-7},
publisher={SocietÔøΩ Italiana di Fisica},
author={Thierfelder, C. and Schwerdtfeger, P. and He{\ss}berger, F.P. and Hofmann, S.},
pages={227--231},
language={English}
}

@article{Shabaev-2013,
  title = {Model operator approach to the {L}amb shift calculations in relativistic many-electron atoms},
  author = {Shabaev, V. M. and Tupitsyn, I. I. and Yerokhin, V. A.},
  journal = PRA,
  volume = {88},
  issue = {1},
  pages = {012513},
  numpages = {11},
  year = {2013},
  month = {Jul},
  publisher = {American Physical Society},
  doi = {10.1103/PhysRevA.88.012513},
  url = {http://link.aps.org/doi/10.1103/PhysRevA.88.012513}
}

@article{Grant-2013,
title = "Self-energy screening approximations in multi-electron atoms ",
journal = "Radiation Phys. Chem.",
volume = "85",
number = "0",
pages = "118--123",
year = "2013",
issn = "0969-806X",
doi = "http://dx.doi.org/10.1016/j.radphyschem.2013.01.004",
url = "http://www.sciencedirect.com/science/article/pii/S0969806X1300008X",
author = "J.A. Lowe and C.T. Chantler and I.P. Grant"
}

@article {Liu-2014,
author = {Liu, Wenjian},
title = {Perspective: Relativistic Hamiltonians},
journal = IJQC,
volume = {114},
number = {15},
issn = {1097-461X},
url = {http://dx.doi.org/10.1002/qua.24600},
doi = {10.1002/qua.24600},
pages = {983--986},
keywords = {molecular {QED}, relativistic Hamiltonian, no-pair approximation, four-component, exact two-component},
year = {2014},
}

@article{Indelicato-2007,
year={2007},
issn={1434-6060},
journal=EJD,
volume={45},
number={1},
doi={10.1140/epjd/e2007-00229-y},
title={{QED} and relativistic corrections in superheavy elements},
url={http://dx.doi.org/10.1140/epjd/e2007-00229-y},
publisher={EDP Sciences},
author={Indelicato, P. and Santos, J. P. and Boucard, S. and Desclaux, J.-P.},
pages={155--170},
language={English}
}

@article{Pyykko-Tokman-1998,
  title = {Estimated valence-level {L}amb shifts for group 1 and group 11 metal atoms},
  author = {Pyykk\"o, Pekka and Tokman, Maria and Labzowsky, L. N.},
  journal = PRA,
  volume = {57},
  issue = {2},
  pages = {R689--R692},
  numpages = {0},
  year = {1998},
  month = {Feb},
  publisher = {American Physical Society},
  doi = {10.1103/PhysRevA.57.R689},
  url = {http://link.aps.org/doi/10.1103/PhysRevA.57.R689}
}

@article{Labzowsky-1999,
  title = {Calculated self-energy contributions for an $\mathrm{ns}$ valence electron using the multiple-commutator method},
  author = {Labzowsky, Leonti and Goidenko, Igor and Tokman, Maria and Pyykk\"o, Pekka},
  journal = PRA,
  volume = {59},
  issue = {4},
  pages = {2707--2711},
  numpages = {0},
  year = {1999},
  month = {Apr},
  publisher = {American Physical Society},
  doi = {10.1103/PhysRevA.59.2707},
  url = {http://link.aps.org/doi/10.1103/PhysRevA.59.2707}
}

@article{Goidenko-2003,
  title = {{QED} corrections to the binding energy of the eka-radon $({Z}=118)$ negative ion},
  author = {Goidenko, Igor and Labzowsky, Leonti and Eliav, Ephraim and Kaldor, Uzi and Pyykk\"o, Pekka},
  journal = PRA,
  volume = {67},
  issue = {2},
  pages = {020102},
  numpages = {3},
  year = {2003},
  month = {Feb},
  publisher = {American Physical Society},
  doi = {10.1103/PhysRevA.67.020102},
  url = {http://link.aps.org/doi/10.1103/PhysRevA.67.020102}
}

@article{Mohr-1998,
title = "{{QED}} corrections in heavy atoms ",
journal = PREP,
volume = "293",
number = "5ÔøΩ6",
pages = "227--369",
year = "1998",
issn = "0370-1573",
doi = "http://dx.doi.org/10.1016/S0370-1573(97)00046-X",
url = "http://www.sciencedirect.com/science/article/pii/S037015739700046X",
author = "Peter J. Mohr and GÔøΩnter Plunien and Gerhard Soff"
}

@article{Gaston-2002,
  title = {Ionization potentials of internal conversion electrons for the superheavy elements 112, 114, 116, and 118},
  author = {Gaston, Nicola and Schwerdtfeger, Peter and Nazarewicz, Witold},
  journal = PRA,
  volume = {66},
  issue = {6},
  pages = {062505},
  numpages = {10},
  year = {2002},
  month = {Dec},
  publisher = {American Physical Society},
  doi = {10.1103/PhysRevA.66.062505},
  url = {http://link.aps.org/doi/10.1103/PhysRevA.66.062505}
}

@article{Thierfelder-2010,
  title = {Quantum electrodynamic corrections for the valence shell in heavy many-electron atoms},
  author = {Thierfelder, C. and Schwerdtfeger, P.},
  journal = PRA,
  volume = {82},
  issue = {6},
  pages = {062503},
  numpages = {10},
  year = {2010},
  month = {Dec},
  publisher = {American Physical Society},
  doi = {10.1103/PhysRevA.82.062503},
  url = {http://link.aps.org/doi/10.1103/PhysRevA.82.062503}
}

@article {Schwerdtfeger-2011,
author = {Schwerdtfeger, Peter},
title = {The Pseudopotential Approximation in Electronic Structure Theory},
journal = {ChemPhysChem},
volume = {12},
number = {17},
publisher = {WILEY-VCH Verlag},
issn = {1439-7641},
url = {http://dx.doi.org/10.1002/cphc.201100387},
doi = {10.1002/cphc.201100387},
pages = {3143--3155},
keywords = {computational chemistry, effective core potentials, electronic structure, pseudopotential approximation, relativistic effects},
year = {2011},
}

@article {Saue-2011,
author = {Saue, Trond},
title = {Relativistic Hamiltonians for Chemistry: A Primer},
journal = {ChemPhysChem},
volume = {12},
number = {17},
publisher = {WILEY-VCH Verlag},
issn = {1439-7641},
url = {http://dx.doi.org/10.1002/cphc.201100682},
doi = {10.1002/cphc.201100682},
pages = {3077--3094},
keywords = {ab initio calculations, density functional calculations, electronic structure, relativistic quantum chemistry, theoretical chemistry},
year = {2011},
}

@article{Watanabe-2007,
   author = "Watanabe, Yoshihiro and Nakano, Haruyuki and Tatewaki, Hiroshi",
   title = "Effect of removing the no-virtual-pair approximation on the correlation energy of the {H}e isoelectronic sequence",
   journal = JCP,
   year = "2007",
   volume = "126",
   number = "17", 
   pages = "174105",
   url = "http://scitation.aip.org/content/aip/journal/jcp/126/17/10.1063/1.2733647",
   doi = "http://dx.doi.org/10.1063/1.2733647" 
}

@article{Hardekopf-Sucher-1984,
  title = {Relativistic wave equations in momentum space},
  author = {Hardekopf, G. and Sucher, J.},
  journal = PRA,
  volume = {30},
  issue = {2},
  pages = {703--711},
  numpages = {0},
  year = {1984},
  month = {Aug},
  publisher = {American Physical Society},
  doi = {10.1103/PhysRevA.30.703},
  url = {http://link.aps.org/doi/10.1103/PhysRevA.30.703}
}

@book{Grant-2007,
  title={Relativistic quantum theory of atoms and molecules: theory and computation},
  author={Grant, Ian P},
  year={2007},
  publisher={Springer}
}

@book{dyall-faegri-2007,
  title={Introduction to relativistic quantum chemistry},
  author={Dyall, Kenneth G. and Faegri Jr, Knut},
  year={2007},
  publisher={Oxford University Press}
}

@book{reiher-2009,
  title={Relativistic quantum chemistry: the fundamental theory of molecular science},
  author={Reiher, Markus and Wolf, Alexander},
  year={2014},
  publisher={John Wiley \& Sons, 2nd edition}
}

@article{Sewtz-2003,
  title = {First Observation of Atomic Levels for the Element Fermium (${Z}=100$)},
  author = {Sewtz, M. and Backe, H. and Dretzke, A. and Kube, G. and Lauth, W. and Schwamb, P. and Eberhardt, K. and Gr\"uning, C. and Th\"orle, P. and Trautmann, N. and Kunz, P. and Lassen, J. and Passler, G. and Dong, C. Z. and Fritzsche, S. and Haire, R. G.},
  journal = PRL,
  volume = {90},
  issue = {16},
  pages = {163002},
  numpages = {4},
  year = {2003},
  month = {Apr},
  publisher = {American Physical Society},
  doi = {10.1103/PhysRevLett.90.163002},
  url = {http://link.aps.org/doi/10.1103/PhysRevLett.90.163002}
}

@incollection{Gaggeler-2014,
year={2014},
isbn={978-3-642-37465-4},
booktitle={The Chemistry of Superheavy Elements},
editor={Sch{\"a}del, Matthias and Shaughnessy, Dawn},
title={Gas-Phase Chemistry of Superheavy Elements},
publisher={Springer Berlin Heidelberg},
author={G{\"a}ggeler, Heinz W. and T{\"u}rler, Andreas},
pages={415--483},
language={English}
}

@article {Turler-2010,
author = {T{\"u}rler, Andreas},
title = {Chemical Experiments with Superheavy Elements},
journal = {CHIMIA Int. J. Chem.},
volume = {64},
number = {5},
year = "2010-05-26T00:00:00",
pages = "293--298",
url = "http://www.ingentaconnect.com/content/scs/chimia/2010/00000064/00000005/art00002",
doi = "doi:10.2533/chimia.2010.293"
}

@inproceedings{gaggeler-2011,
  title={Recent achievements in chemical studies of heaviest elements},
  author={G{\"a}ggeler, H. W.},
  booktitle={J. Phys.: Conf. Series},
  volume={312},
  pages={092007},
  year={2011},
  organization={IOP Publishing}
}

@article {Eichler-2008,
author = {Eichler, Robert and Aksenov, Nikolay V. and Belozerov, Alexey V. and Bozhikov, Gospodin A. and Chepigin, Victor I. and Dmitriev, Sergey N. and Dressler, Rugard and G\"aggeler, Heinz W. and Gorshkov, Alexander V. and Itkis, Mikhail G. and Haenssler, Florian and Laube, Andreas and Lebedev, Viacheslav Ya. and Malyshev, Oleg N. and Oganessian, Yuri Ts. and Petrushkin, Oleg V. and Piguet, David and Popeko, Andrei G. and Rasmussen, Peter and Shishkin, Sergey V. and Serov, Alexey A. and Shutov, Alexey V. and Svirikhin, Alexander I. and Tereshatov, Evgeny E. and Vostokin, Grigory K. and Wegrzecki, Maciej and Yeremin, Alexander V.},
title = {Thermochemical and Physical Properties of Element 112},
journal = ACIE,
volume = {47},
number = {17},
publisher = {WILEY-VCH Verlag},
issn = {1521--3773},
url = {http://dx.doi.org/10.1002/anie.200705019},
doi = {10.1002/anie.200705019},
pages = {3262--3266},
keywords = {adsorption, element 112, gas chromatography, thermochemistry, transactinides},
year = {2008},
}

@article{Hoffman-Lee-1999,
author = {Hoffman, Darleane C. and Lee, Diana M.},
title = {Chemistry of the Heaviest Elements - One Atom at a Time},
journal = JCE,
volume = {76},
number = {3},
pages = {331},
year = {1999},
doi = {10.1021/ed076p331},
URL = {http://dx.doi.org/10.1021/ed076p331},
eprint = {http://dx.doi.org/10.1021/ed076p331}
}

@article{Oganessian-2004,
  title = {Measurements of cross sections for the fusion-evaporation reactions 
  $^{244}${Pu}($^{48}${Ca},$xn$)$^{292-x}$114 
  and $^{245}${Cm}($^{48}${Ca},$xn$)$^{293-x}$116},
  author = {Oganessian, Yu. Ts. and Utyonkov, V. K. and Lobanov, Yu. V. and Abdullin, F. Sh. and Polyakov, A. N. and Shirokovsky, I. V. and Tsyganov, Yu. S. and Gulbekian, G. G. and Bogomolov, S. L. and Gikal, B. N. and Mezentsev, A. N. and Iliev, S. and Subbotin, V. G. and Sukhov, A. M. and Voinov, A. A. and Buklanov, G. V. and Subotic, K. and Zagrebaev, V. I. and Itkis, M. G. and Patin, J. B. and Moody, K. J. and Wild, J. F. and Stoyer, M. A. and Stoyer, N. J. and Shaughnessy, D. A. and Kenneally, J. M. and Lougheed, R. W.},
  journal = PRC,
  volume = {69},
  issue = {5},
  pages = {054607},
  numpages = {9},
  year = {2004},
  month = {May},
  publisher = {American Physical Society},
  doi = {10.1103/PhysRevC.69.054607},
  url = {http://link.aps.org/doi/10.1103/PhysRevC.69.054607}
}

@article{Sobiczewski-2007,
title = "Description of structure and properties of superheavy nuclei ",
journal = "Prog. Part. Nucl. Phys.",
volume = "58",
number = "1",
pages = "292--349",
year = "2007",
issn = "0146-6410",
doi = "http://dx.doi.org/10.1016/j.ppnp.2006.05.001",
url = "http://www.sciencedirect.com/science/article/pii/S0146641006000470",
author = "Adam Sobiczewski and Krzysztof Pomorski"
}

@article{Bender-2001,
title = "Shell stabilization of super- and hyperheavy nuclei without magic gaps ",
journal = PLB,
volume = "515",
number = "1-2",
pages = "42--48",
year = "2001",
issn = "0370-2693",
doi = "http://dx.doi.org/10.1016/S0370-2693(01)00863-2",
url = "http://www.sciencedirect.com/science/article/pii/S0370269301008632",
author = "M. Bender and W. Nazarewicz and P.-G. Reinhard"
}

@article{Nazarewicz-2005,
  title={Shape coexistence and triaxiality in the superheavy nuclei},
  author={{\'C}wiok, S and Heenen, P-H and Nazarewicz, Witold},
  journal=NAT,
  volume={433},
  number={7027},
  pages={705--709},
  year={2005},
  publisher={Nature Publishing Group}
}

@article{Oganessian-2011,
  title={Synthesis of the heaviest elements in $^{48}${Ca}-induced reactions},
  author={Oganessian, Yu},
  journal=RCA,
  volume={99},
  number={7-8},
  pages={429--439},
  year={2011}
}

@article{Cowan-1991,
title = "The $r$-process and nucleochronology ",
journal = PREP,
volume = "208",
number = "4-5",
pages = "267--394",
year = "1991",
issn = "0370-1573",
doi = "http://dx.doi.org/10.1016/0370-1573(91)90070-3",
url = "http://www.sciencedirect.com/science/article/pii/0370157391900703",
author = "John J. Cowan and Friedrich-Karl Thielemann and James W. Truran"
}

@article{Arnould-2007,
title = "The $r$-process of stellar nucleosynthesis: Astrophysics and nuclear physics achievements and mysteries ",
journal = PREP,
volume = "450",
number = "4-6",
pages = "97--213",
year = "2007",
issn = "0370-1573",
doi = "http://dx.doi.org/10.1016/j.physrep.2007.06.002",
url = "http://www.sciencedirect.com/science/article/pii/S0370157307002438",
author = "M. Arnould and S. Goriely and K. Takahashi"
}

@article{Thielemann-2011,
title = {What are the astrophysical sites for the $r$-process and the production of heavy elements?},
journal = "Prog. Part. Nucl. Phys.",
volume = "66",
number = "2",
pages = "346--353",
year = "2011",
note = "Particle and Nuclear Astrophysics International Workshop on Nuclear Physics, 32nd Course ",
issn = "0146-6410",
doi = "http://dx.doi.org/10.1016/j.ppnp.2011.01.032",
url = "http://www.sciencedirect.com/science/article/pii/S0146641011000330",
author = {F.-K. Thielemann and A. Arcones and R. K\"appeli and M. Liebend\"orfer and T. Rauscher and C. Winteler and C. Fr\"ohlich and I. Dillmann and T. Fischer and G. Martinez-Pinedo and K. Langanke and K. Farouqi and K.-L. Kratz and I. Panov and I.K. Korneev}
}

@article{Wallerstein-1997,
  title = {Synthesis of the elements in stars: forty years of progress},
  author = {Wallerstein, George and Iben, Icko and Parker, Peter and Boesgaard, Ann Merchant and Hale, Gerald M. and Champagne, Arthur E. and Barnes, Charles A. and K\"appeler, Franz and Smith, Verne V. and Hoffman, Robert D. and Timmes, Frank X. and Sneden, Chris and Boyd, Richard N. and Meyer, Bradley S. and Lambert, David L.},
  journal = RMP,
  volume = {69},
  issue = {4},
  pages = {995--1084},
  year = {1997},
  month = {Oct},
  publisher = {American Physical Society},
  doi = {10.1103/RevModPhys.69.995},
  url = {http://link.aps.org/doi/10.1103/RevModPhys.69.995}
}

@article{Petermann-2012,
year={2012},
issn={1434-6001},
journal=EJA,
pages={122},
volume={48},
number={9},
doi={10.1140/epja/i2012-12122-6},
title={Have superheavy elements been produced in nature?},
url={http://dx.doi.org/10.1140/epja/i2012-12122-6},
publisher={Springer Berlin Heidelberg},
author={Petermann, I. and Langanke, K. and MartÔøΩnez-Pinedo, G. and Panov, I.V. and Reinhard, P.-G. and Thielemann, F.-K.},
language={English}
}

@article{Schramm-1971,
   author = {Schramm, David N. and Fowler, William A.},
   title = {Synthesis of Superheavy Elements in the $r$-Process},
   journal = NAT,
   year = {1971},
   volume = {231},
   pages = {103--106},
   url = {http://dx.doi.org/10.1038/231103a0},
   doi = {10.1038/231103a0},
} 

@article{Pitzer-1975,
   author = "Pitzer, Kenneth S.",
   title = "Are elements 112, 114, and 118 relatively inert gases?",
   journal = JCP,
   year = "1975",
   volume = "63",
   number = "2",
   pages = "1032--1033",
   url = "http://scitation.aip.org/content/aip/journal/jcp/63/2/10.1063/1.431398",
   doi = "http://dx.doi.org/10.1063/1.431398" 
}

@article {Saue-CPC-2011,
author = {Saue, Trond},
title = {Relativistic Hamiltonians for Chemistry: A Primer},
journal = {ChemPhysChem},
volume = {12},
number = {17},
publisher = {WILEY-VCH Verlag},
issn = {1439--7641},
url = {http://dx.doi.org/10.1002/cphc.201100682},
doi = {10.1002/cphc.201100682},
pages = {3077--3094},
keywords = {ab initio calculations, density functional calculations, electronic structure, relativistic quantum chemistry, theoretical chemistry},
year = {2011},
}

@article {Schwerdtfeger-CPC-2011,
author = {Schwerdtfeger, Peter},
title = {The Pseudopotential Approximation in Electronic Structure Theory},
journal = {ChemPhysChem},
volume = {12},
number = {17},
publisher = {WILEY-VCH Verlag},
issn = {1439--7641},
url = {http://dx.doi.org/10.1002/cphc.201100387},
doi = {10.1002/cphc.201100387},
pages = {3143--3155},
keywords = {computational chemistry, effective core potentials, electronic structure, pseudopotential approximation, relativistic effects},
year = {2011},
}

@article {Pyykko-2004,
author = {Pyykk{\"o}, Pekka},
title = {Theoretical Chemistry of Gold},
journal = ACIE,
volume = {43},
number = {34},
publisher = {WILEY-VCH Verlag},
issn = {1521--3773},
url = {http://dx.doi.org/10.1002/anie.200300624},
doi = {10.1002/anie.200300624},
pages = {4412--4456},
keywords = {aurophilicity, closed-shell interactions, gold, relativistic effects, theoretical chemisty},
year = {2004},
}

@article {Cremer-2014,
author = {Cremer, Dieter and Zou, Wenli and Filatov, Michael},
title = {Dirac-exact relativistic methods: the normalized elimination of the small component method},
journal = {WIREs Comp. Mol. Sci.},
volume = {4},
number = {5},
publisher = {Wiley Periodicals, Inc.},
issn = {1759-0884},
url = {http://dx.doi.org/10.1002/wcms.1181},
doi = {10.1002/wcms.1181},
pages = {436--467},
year = {2014},
}

@article{pyykko-2012relativistic,
  title={Relativistic effects in chemistry: more common than you thought},
  author={Pyykk{\"o}, Pekka},
  journal={Annual Rev. Phys. Chem.},
  volume={63},
  pages={45--64},
  year={2012},
  publisher={Annual Reviews}
}

@article{Lein-2010,
author = {Lein, Matthias and Rudolph, Matthias and Hashmi, Stephen K. and Schwerdtfeger, Peter},
title = {Homogeneous Gold Catalysis: Mechanism and Relativistic Effects of the Addition of Water to Propyne},
journal = {Organomet.},
volume = {29},
number = {10},
pages = {2206--2210},
year = {2010},
doi = {10.1021/om900710v},
URL = {http://pubs.acs.org/doi/abs/10.1021/om900710v},
eprint = {http://pubs.acs.org/doi/pdf/10.1021/om900710v}
}

@article{Schwerdtfeger-Boyd-1992,
author = {Schwerdtfeger, Peter and Boyd, Peter D. W. and Brienne, Stephane and Burrell, Anthony K.},
title = {Relativistic effects in gold chemistry. 4. {G}old({III}) and gold({V}) compounds},
journal = IC,
volume = {31},
number = {16},
pages = {3411--3422},
year = {1992},
doi = {10.1021/ic00042a016},
URL = {http://pubs.acs.org/doi/abs/10.1021/ic00042a016},
eprint = {http://pubs.acs.org/doi/pdf/10.1021/ic00042a016}
}

@article{Schwerdtfeger-1989,
author = {Schwerdtfeger, Peter},
title = {Relativistic effects in gold chemistry. 2. {T}he stability of complex halides of gold({III})},
journal = JACS,
volume = {111},
number = {18},
pages = {7261--7262},
year = {1989},
doi = {10.1021/ja00200a056},
URL = {http://pubs.acs.org/doi/abs/10.1021/ja00200a056},
eprint = {http://pubs.acs.org/doi/pdf/10.1021/ja00200a056}
}

@article{Pershina-Anton-Bastug-2007,
year={2007},
issn={1434-6060},
journal=EJD,
volume={45},
number={1},
doi={10.1140/epjd/e2007-00145-2},
title={Relativistic effects on atomic and molecular properties of the heaviest elements},
url={http://dx.doi.org/10.1140/epjd/e2007-00145-2},
publisher={EDP Sciences},
keywords={31.15.Ew Density-functional theory; 27.90.+b 220 ÔøΩA},
author={Pershina, V. and Anton, J. and Bastug, T.},
pages={87--90},
language={English}
}

@article {Gorin-Toste-2007,
author = {Gorin, David J. and Toste, F. Dean},
title = {Relativistic effects in homogeneous gold catalysis},
journal = NAT,
year = {2007},
volume = {446},
pages = {395--403},
url = {http://dx.doi.org/10.1038/nature05592},
doi = {10.1038/nature05592}
}

@article {Schwerdtfeger-2002,
author = {Schwerdtfeger, Peter},
title = {Relativistic effects in properties of gold},
journal = {Heteroatom Chem.},
volume = {13},
number = {6},
publisher = {Wiley Subscription Services, Inc., A Wiley Company},
issn = {1098-1071},
url = {http://dx.doi.org/10.1002/hc.10093},
doi = {10.1002/hc.10093},
pages = {578--584},
year = {2002},
}

@article {Calvo-2013,
author = {Calvo, Florent and Pahl, Elke and Wormit, Michael and Schwerdtfeger, Peter},
title = {Evidence for Low-Temperature Melting of Mercury owing to Relativity},
journal = ACIE,
volume = {52},
number = {29},
publisher = {WILEY-VCH Verlag},
issn = {1521-3773},
url = {http://dx.doi.org/10.1002/anie.201302742},
doi = {10.1002/anie.201302742},
pages = {7583--7585},
keywords = {melting, mercury, Monte Carlo simulations, relativistic effects},
year = {2013},
}

@article{Matthias-1963,
  title = {Superconductivity},
  author = {Matthias, B. T. and Geballe, T. H. and Compton, V. B.},
  journal = RMP,
  volume = {35},
  issue = {1},
  pages = {1--22},
  numpages = {0},
  year = {1963},
  month = {Jan},
  publisher = {American Physical Society},
  doi = {10.1103/RevModPhys.35.1},
  url = {http://link.aps.org/doi/10.1103/RevModPhys.35.1}
}

@article{Ahuja-2011,
  title = {Relativity and the Lead-Acid Battery},
  author = {Ahuja, Rajeev and Blomqvist, Andreas and Larsson, Peter and Pyykk{\"o}, Pekka and Zaleski-Ejgierd, Patryk},
  journal = PRL,
  volume = {106},
  issue = {1},
  pages = {018301},
  numpages = {4},
  year = {2011},
  month = {Jan},
  publisher = {American Physical Society},
  doi = {10.1103/PhysRevLett.106.018301},
  url = {http://link.aps.org/doi/10.1103/PhysRevLett.106.018301}
}

@article{Pyykko-1988,
author = {Pyykk{\"o}, Pekka},
title = {Relativistic effects in structural chemistry},
journal = CR,
volume = {88},
number = {3},
pages = {563--594},
year = {1988},
doi = {10.1021/cr00085a006},
URL = {http://pubs.acs.org/doi/abs/10.1021/cr00085a006},
eprint = {http://pubs.acs.org/doi/pdf/10.1021/cr00085a006}
}

@article{Pyykko-2012,
author = {Pyykk{\"o}, Pekka},
title = {The Physics behind Chemistry and the Periodic Table},
journal = CR,
volume = {112},
number = {1},
pages = {371--384},
year = {2012},
doi = {10.1021/cr200042e},
URL = {http://pubs.acs.org/doi/abs/10.1021/cr200042e},
eprint = {http://pubs.acs.org/doi/pdf/10.1021/cr200042e}
}

@article{Turler-Valeria-2013,
author = {T\"urler, Andreas and Pershina, Valeria},
title = {Advances in the Production and Chemistry of the Heaviest Elements},
journal = CR,
volume = {113},
number = {2},
pages = {1237--1312},
year = {2013},
doi = {10.1021/cr3002438},
URL = {http://pubs.acs.org/doi/abs/10.1021/cr3002438},
eprint = {http://pubs.acs.org/doi/pdf/10.1021/cr3002438}
}

@techreport{GSI-1995,
	author = "S Hofmann and V Ninov and F P He{\ss}berger
	and P Armbuster and H Folger and G M{\"u}nzenberger and H J Sch{\"o}tt
	and A G Popeko and A V Yeremin and A N Andreyev and S Saro and R Janik and
	M Leino",
	title = "Production and Decay of {$^{271}$110}",
	institution = "GSI",
	year = 1995,
	type = "GSI Nachrichten",
	number = "02-95"
	}

@inproceedings{Andreyev-1992,
	author = "A N Andreyev and D D Bogdanov and V I Chepigin and M Florek
	and F P He{\ss}berger and S Hofmann and A P Kapachenko and O N Malyshev
	and V Ninov and R N Sagaidak and S Sharo and G M Ter-Akopian and M Veselsky
	and A V Yeremin",
	title = "Hot fusion rections {$^{22}$}Ne, {$^{27}$}Al {$+$} {$^{236}$}U and
	{$^{26}$}Mg {$+$} {$^{232}$}Th leading to the compound nuclei {$^{258}$}102
	and {$^{263}$}105",
        booktitle = "Nuclei Far from Stability/Atomic Masses
        and Fundamental Constants '92",
	number = 132,
        chapter = "section 4",
        series = "Inst. Phys. Conf. Ser.",
	pages = 423,
	year = 1992
	}

@inproceedings{Antonenko-1992,
	author = "N V Antonenko and E A Cherepanov and A S Iljinov and M V Mebel",
	title = "Possibility of production of neutron-rich heavy 
	nuclei in incomplete fusion reactions",
        pages = 433,
        booktitle = "Nuclei Far from Stability/Atomic Masses
        and Fundamental Constants '92",
	number = 132,
        chapter = "section 4",
        series = "Inst. Phys. Conf. Ser.",
        year = 1992
        }

@article{Alstad-1995,
	author = "J Alstad and G Skarnemark and F Haberberger and
	G Herrmann and A N{\"a}hler and M Pense-Maskow and N 
	Trautmann",
	journal = JRNC,
	pages = 133,
	volume = 189,
	year = 1995
	}

@article{Armbuster-1985,
	author = "P Armbuster and Y K Agarwal and M Br{\"u}chle and
	J P Defour and H G{\"a}ggler and FP He{\ss}berger and S Hofmann 
	and P Lemmertz and G M{\"u}nzenberg and K Poppensieker
	and W Reisdorf and M Sch{\"a}del and K H Schmidt and 
	J H R Schneider and W F W Schneider and K S{\"u}mmerer and
	Vermeulen and D Wirth and G A Ghiorso and K E Gregorich and D Lee and 
	M Leino and K J Moody and G T Seaborg
	and R B Welch and P Wilmarth and S Yashita and C Frink and
	N Greulich and G Herrmann and U Hickmann and N Hildebrand
	and J V Kratz and N Trautmann and M M Fowler and D C Hoffman
	and W R Daniels and Gunten, von, H R and H Dornh{\"o}fer",
	journal = PRL,
	volume = 54,
	pages = 406,
	year = 1985
	}

@article{Audi-1997,
	author = "G Audi",
	journal = NPA,
	volume = 624,
	pages = "1--124",
	year = 1997
	}

@article{Beiner-1974,
	author = "M Beiner and H Flocard and M Veneroni and P Quentin",
	title = "On the stability of super-heavy Nuclei: some
	recent results of self-consistent calculations",
	journal = PS,
	volume = "10A",
	pages = "84--89",
	year = 1974
	}

@ARTICLE{Bonchev-1981,
	author = "D Bonchev and V Kamenska",
	title = "Predicting the Properties of the 113-120 transition elements",
	journal = JPC,
	volume = 85,
	pages = "1177--1186",
	year =1981
	}

@ARTICLE{Bratsch-1986,
AUTHOR = "S G Bratsch and J J Lagowski",
TITLE = "Actinide Thermodynamic Predictions. 3. Thermodynamics of Compounds and Aquo Ions of the
2+, 3+, and 4+ Oxidation States and Standard Electrode Potentials at 298.15 K",
JOURNAL= JPC,
PAGES = "307--312",
YEAR = "1986",
VOLUME = 90
	}

@ARTICLE{Bratsch-1985,
	author = "Steven G. Bratsch and J. J. Lagowski",
	title = "Actinide Thermodynamic Predictions. {II}. Stabilities of Actinide Anions in Liquid Ammonia.",
	journal = POLY,
	volume = 4,
	pages = "841--843",
	year = 1985       
	}                            

@ARTICLE{Bratsch-1984,
	author = "Steven G. Bratsch and J. J. Lagowski",
	title = "Electron affinities of the Actinides",
	journal = CPL,
	pages = 136,
	volume = 107,
	year = 1984
	}

@ARTICLE{Bruchle-1988,
	author = "W Br{\"u}chle and M Sch{\"a}del and U W Scherer
	and J V Kratz and K E Gregorich and D Lee and M Nurmia and
	R M Chasteler and H L Hall and R A Henderson and D C Hoffman",
	title = "The Hydration enthalpies of Md{$^{+3}$} and Lr{$^{+3}$}",
	journal = ICA,
	volume = 146,
	pages = "267--276",
	year = 1988
	}

@article{Clery-1994,
	author = "D Clery",
	title = "Element 110 is created, but who 
	spotted it first?",
	journal = CEN,
	month = "December 2",
	year = 1994,
	page = 1479
	}

@article{Cotton-1996,
	author = "S. A. Cotton",
	title = "After the Actinides, then what?",
	journal = CSR,
	volume = "25",
	pages = "219--227",
	year = 1996,
    note = "erratum: {\bf 25}(6), U1, (1996)"
	}

@article{Cwiok-1983,
	author = "S {\u{C}}wiok and  V V Pashkevich and J Dudek and W Nazarewicz",
	title = "Fission Barriers of Transfermium Elements",
	journal = NPA,
	volume = 410,
	pages = "254--270",
	year = 1983
	}

@article{Cwiok-1996,
	author = "S {\u{C}}wiok and  J Dobaczewski and {P. -H} Heenen
	and P Magierski and W Nazarewicz",
    title = "Shell Structure of the Superheavy Elements",
	journal = NPA,
	pages = "211--246",
	volume = "A611",
	year = 1996
	}

@article{Czerwinski-1994,
	author = "K R Czerwinski and K E Gregorich  and N J Hannink
	and C D Kacher and B Kadkhodayan and S A Kreek and D M Lee
	and M J Nurmia and A T{\"u}rler and G T Seaborg and D C Hoffman",
	journal = RCA,
	volume = 64,
	pages = 23,
	year = 1994
	}

@article{Czerwinski-1994a,
        author = "Czerwinski, K R and C D Kacher and  Gregorich, K E and T M Hamilton and N J Hannink
        and B Kadkhodayan and S A Kreek and D M Lee and M J Nurmia and A T{\"u}rler and G T Seaborg and D C Hoffman",
        journal = RCA,
        volume = 64,
        pages = 29,
        year = 1994
        }

@ARTICLE{Dagani-1994,
        AUTHOR = "Ron Dagani",
        TITLE = "Shuffling of Heavy-Element Names by IUPAC Panel Provokes Outcries",
        journal = CEN,
        PAGES = "25-29",
        YEAR = "1994",
        MONTH = "December 5"  
        }

@article{Desclaux-1973,
	author = "J P Desclaux",
	title = "Relativistc {D}irac-{F}ock Expectation Values for Atoms with {$Z=1$} to {$Z=120$}",
	journal = ADNDT,
	volume = 12,
	pages = "311-406",
	year = 1973
	}	

@ARTICLE{Dolg-1993,   
        AUTHOR = "Michael Dolg and H. Stoll and H. Preuss and
        Russel M. Pitzer",
        TITLE = "Relativistic and Correlation Effects for Element 105
         (Hahnium, {Ha}). A Comparative Study of {M} and {MO} ({M = Nb, Ta, Ha}) 
        Using Energy-Adjusted ab Initio Pseudopotentials",
        JOURNAL = JCP,
        VOLUME = 97, 
        PAGES = "5852--5859",
        YEAR = 1993
                   }

@Article{Edwards-1996,
	author = "R Edwards",
	title = "The short exciting life of element 112",
	journal = NS,
	month = "2 March",
	pages = 7,
	year = 1996
	}

@techreport{Eichler-1994,
	AUTHOR = "B. Eichler and A. T{\"u}rler and D. T. Jost and
	H. W. G{\"a}ggler",
	title = "PSI Condensed Matter Research and Materials Sciences Progress Report 1993",
	Institution = "Annex IIIA",
	year = "1994",
	note ="page 97",
	address = "Villigen"
	}

@techreport{Eichler-1976,
	author="B Eichler and V P Domanov and I Zvara",
	year = 1976,
	Institution = "Dubna",
	title = "Report {JINR}",
	number = "P12-20047"
        }

@ARTICLE{Eliav-1996b,
	AUTHOR = "E. Eliav and U. Kaldor and Y. Ishikawa",
	title = "Transition Energies of Barium and Radium by the Relativistic 
	Coupled-Cluster Method",
	journal = PRA,
	volume = 53,
	pages = "3050--3056",
	year = "1996"
	}

@ARTICLE{Eliav-1995b,
	AUTHOR = "E. Eliav and U. Kaldor and Y. Ishikawa",
        TITLE = "Transition energies of Ytterbium, lutetium, and lawrencium
	by the relativistic coupled-cluster method",
	journal = PRA,
	volume = 52,
	pages = "291--296",
	year = 1995
	}

@ARTICLE{Eliav-1995c,
        AUTHOR = "E. Eliav and U. Kaldor and Y. Ishikawa",
	title = "Relativistic coupled-cluster method: Intrashell 
	Excitations in the {$f^2$} shells of Pr{$^{+3}$} and U{$^{+4}$}",
        journal = PRA,
	volume = 51,
	pages = "225--230",
	year = 1995
	}

@ARTICLE{Eliav-1994a,
	AUTHOR = "E. Eliav and U. Kaldor and Y. Ishikawa",
        title = "Open-Shell relativistic coupled-cluster method
	with {D}irac-{F}ock-{B}reit wave functions: Energies fo the Gold
	atom and its cation",
	journal = PRA,
	volume = 49,
	pages = "1724--1729",
	year = 1994
	}

@ARTICLE{Emsley-1994,
	author = "J Emsley",
	title = "Superheavy elements could soon be made",
	journal = NS,
	month = "13 August",
	pages = 15,
	year = 1994
	}

@article{Fernius-1975,
	author = "W C Fernius and K Lowning and R M Adams",
	journal = JCE,
	volume = 52,
	pages = "583--584",
	year = 1975
	}

@article{Fischer-1972,
	author = "Charlotte Froese-Fischer",
	title = "Average-Energy-of-Configuration
	{H}artree-{F}ock Results for the Atoms Helium to Radon",
	journal =AD,
	volume = 4,
	pages = "301--199",
	year = 1972
	}

@article{Fiset-1972,
	author = "E O Fiset and J R Nix",
	journal = NPA,
	volume = 193,
	pages = 647,
	year = 1972
	}

@article{Freemantle-1995,
	author = "M Freemantle",
	title = "Heavy-Ion research Institute 
	explores limits of periodic table",
	journal = CEN,
	month = "March 13",
	year = 1995
	}

@article{Freemantle-1994,
	author = "M Freemantle",
        title = "Heaviest elements named. IUPAC
	rejects {`saborgium'} for element 106",
	journal = CEN,
	month = "October 10",
    pages ="35--41",
	year = 1994
	}

@ARTICLE{Fricke-1993,
	author = "B. Fricke and E Johnson and G M Rivera",
	title = "Ionisation Potentials and Radii of atoms
	and ions of element 105 (unnilpentium) and ions of
	tantalum derived from Multiconfiguration {D}irac-{F}ock
	calculations",
	journal = RCA,
	volume = 62,
	pages = "17--25",
	year = 1993
	}

@ARTICLE{Fricke-1977,
	AUTHOR = "B. Fricke and G. Soff",
	title = "{D}irac-{F}ock-{S}later Calculations for the 
	Elements Z=100, Fermium, to Z = 173.",
	journal = ADNDT,
	volume = 19,
	pages = "83--95",
	year = 1977
	}

@ARTICLE{Fricke-1972,
	AUTHOR = "B. Fricke and J. T. Waber",
        TITLE = "Model Calculations on the Influence of Quantum Electrodynamical
	Effects on the Chemistry of Superheavy Elements. The Chemistry of E184.",
	JOURNAL = JCP,
        VOLUME = 57,
	PAGES = "371--376",
	YEAR = 1972
	}

@ARTICLE{Fricke-1972a,
	AUTHOR = "B. Fricke and J. T. Waber",
	TITLE = "Atomic and Ionic Radii of Superheavy Elements",
	JOURNAL = JCP,
	VOLUME = 56,
	PAGES = "3246--3248",
	YEAR = 1972
	}

@ARTICLE{Fricke-1972b,                                    
        AUTHOR = "B. Fricke and J. T. Waber",          
        TITLE = "X-ray Spectra of Superheavy and Quasi-Superheavy Elements.",
	JOURNAL = PRC,
	VOLUME = 8,
	PAGES = "330--335",
	YEAR = 1972
	}
                                                      
@ARTICLE{Fricke-1972c,
        AUTHOR = "B. Fricke and J. T. Waber",
        TITLE = "Atomic Ground State Configurations of the Elements E159 and E160",
	JOURNAL = JCP,
	VOLUME = 56,
	PAGES = "3726--3727",
	YEAR = 1972
	}

@ARTICLE{Fricke72d,
	author = "B Fricke and J P Desclaux and J T Waber",
	title = "Precise Calculations of Atomic Electron Binding
	Energies in Fermium",
	journal = PRL,
	volume = 28,
	pages = "714-716",
	year = 1972
	}

@ARTICLE{Fricke-1971,
	AUTHOR = "B. Fricke and W Greiner and J. T. Waber",
        TITLE = "The Continuation of the Periodic Table up to ${Z}$=172. The Chemistry of the Superheavy Elements",
	JOURNAL = TCA,
	VOLUME = 21,
	PAGES = "235-260",
	YEAR = 1971
	}

@ARTICLE{Fricke-1971a,
    AUTHOR = "B. Fricke",
	journal = LNC,
	volume =2,
	pages = 293,
	year = 1971
	}

@ARTICLE{Fricke-1969,
	AUTHOR = "B. Fricke and  W. Greiner",
	TITLE = "On the Chemistry of Superheavy Elements around Z=164",
	JOURNAL = PL,
	VOLUME = "30B",
	PAGES = "317-319",
	YEAR = 1969
	}

@article{Gaggler-1994,
	author="H W G{\"a}ggler",
	journal = JRNC,
	volume = 183,
	pages = 261,
	year = 1994
	}

@article{Gaggler-1992,
	author="H W G{\"a}ggler and D Jost and J Kovacs and U W Scherer
	and A Weber and D Vermeulen and A T{\"u}rler and K E Gregorich
	and R A Henderson and K R Czerwinski and B Kadkhodayan
	and D M Lee and M J Nurmia and D C Hoffman and J V Kratz 
	and M K Gober and H P Zimmermann and M Sch{\"a}del and W
	Br{\"u}chle and E Schimpf and I Zvara",
	journal = RCA,
	volume = 57,
	pages = 93,
	year = 1992
	} 

@article{Gaggler-1991,
	author = "G{\"a}ggler H. W. and D. T. Jost and U. Baltensperger
		and A. Weber and A. Kovacs and D. Vermeulen and 
		A. T{\"u}rler",
	journal = NIMPR,
	volume = "A309",
	pages = 201,
	year =1991
	}
 
@ARTICLE{Gentry-1976,
	AUTHOR = "R. V. Gentry and T. A. Cahill and N. R. Fletcher
	and H. C. Kaufmann and J. R. Medsker and J. W. Nelson and R. G. Flocchini",
	title = "Evidence for primordial superheavy elements.",
	journal = PRL,
	volume = 37,
	pages = "11--15",
	year = "1976"
	}

@article{Ghiorso-1995,
	 author = "A. Ghiorso and  D Lee and L P Somerville and W Loveland and 
	J M Nitschke and W Ghiorso and G T Seaborg and P Wilmarth and R Leres and A Wydler 
	and M. Nurmia and  and K Gregoricha nd R Gaylord and T Hamilton and N J Hannink
	and D C Hoffman and C Jarzynski and C Kacher and B Kadkhodayan and S Kreek and 
	M Lane and A Lyon and M A McMahan and M Neu and T Sikkeland and W J Swuatecki
	and A T{\"u}rler and J T Walton and S Yashita",
	title = "Evidence for the Synthesis of {$^{267}110$} produced by the 
	{$^{59}Co+^{209}Bi$} reaction",
	journal = NPA,
	volume = 583,
	pages = "861--866",
	year = 1995
	}

@ARTICLE{Ghiorso-1971,
	author = "A. Ghiorso and M. Nurmia and K. Eskola and P. Eskola",
	title = "Comments on {"Chemical Separation of Kurchatovium"}",
	journal = INCL,
	volume = 8,
	pages = "1117--1119",
	year = 1971
	}

@ARTICLE{Ghiorso-1969,
	 author = "A. Ghiorso and M. Nurmia and J Harris and K. Eskola and P. Eskola",
	title = "Positive identification of two alpha-particle-emitting isotopes
	of element 104",
	journal = PRL,
	volume = 22,
	pages = "1317--1320",
	year = 1969
	}


@ARTICLE{Glebov-1989,
	author = " V. A. Glebov and L Kaszrura and V S Nefedov
	and B L Zhuikov",	
	title = "Is Element 104 (Kurchatovium) a p-element?
	II. Relativistic Calculations of the Electronic Atomic
	Structure",
	journal = RCA,
	volume = 46,
	pages = "117--121",
	year = 1989
	}
@ARTICLE{Grant-1977,
	author = "I. P. Grant and N. C. Pyper",
	title = " Theoretical Chemistry of superheavy elements
	E116 amd E114",
	journal = NAT,
	volume = 265,
	pages = "715--717",
	year = 1977
	}

@ARTICLE{Gregorich88,
	author = "K. E. Gregorich and R. A. Henderson and D. M. Lee
	and M. J. Nurmia and R. M. Chasteler and H. L. Hall and
	 D. A. Bennett and C. M. Gannet and R. B. Chadwick
	and  J. D. Leyba and D. C. Hoffman and G. Herrmann",
	journal = RCA,
	volume = 43,
	pages = "223-231",
	year = 1988,
	}

@ARTICLE{Griffen-1969,
	AUTHOR = "Donald C. Griffen and Kenneth L. Andrews
	and Robert D. Cowan",
	TITLE = "Theoretical Calculations of the d-, f-, and g-Electron
	Transition Series.",
	JOURNAL = PR,
	VOLUME = 177,
	PAGES = "62--71",
	YEAR = 1969
	}

@ARTICLE{Grosse-1965,
	AUTHOR = "V. A. Grosse",
	TITLE = "Some Physical and Chemical Properties of Element 118
	(Eka - Em) and element 86 (Em)",
	JOURNAL = JIC,
	VOLUMe = 27,
	pages = "509--519",
	year = 1965
	}

@Article{Guillaumont-1991,
        author = "Guillaumont, R. and J P Adloff and A Peneloux 
	and P Delamoye",
	journal = RCA,
	pages = 1,
	volume = 54,
	year = 1991
	}

@Article{Guillaumont-1989,
	author = "Guillaumont, R. and J P Adloff and A Peneloux",
	journal = RCA,
	volume = 46,
	pages = 169,
	year = 1989
	}

@article{Gupta-1995,
	author = "R K Gupta",
	title = "Cold Synthesis of {$Z=$}110 and 112 elements",
        journal = JPG,
	volume = 21,
	pages = "L89-L94",
	year = 1995
	}

@ARTICLE{Hassinsky-1971,
	author = "M. H{\"a}issinsky",
	title = "Quelques propriete physico-chimiques
	probables des elements 104 A 107",
	journal = RRL,
	volume = 8,
	pages = "107--113",
	year = 1971
	}

@ARTICLE{Haustein-1988,
	author = "P E Haustein",
	title = "An overview of the 1986-1987 atomic
	mass predictions",
	journal = ADNDT,
	volume = 39,
	pages = "185--393",
	year = 1988
	}

@ARTICLE{Herrmann-1995,
	author = "G Herrmann",
	title = "Two at one blow: The new chemical elements 110 and 111",
	journal = ACIE,
	pages = "1713--1717",
	year = 1995,
	volume = 34
	}
	

@ARTICLE{Herrmann-1982,
	author = "G Herrmann and N Trautmann",
	title = "Rapid Chemical Methods for Identification anf
	Study of Short-lived Nuclides",
	journal = ARNS,
	volume = 32,
	pages = "117--147",
	year = 1982
	}

@ARTICLE{Hoffman-1996,
        author = "Darleane C Hoffman",
	title = "Chemistry of the Heaviest Elements",
	journal = RCA,
	volume = 72,
	pages = "1--6",
	year =1996
	}

@ARTICLE{Hoffman-1995,
	author = "Darleane C Hoffman",
	title = "110, 111{\ldots} and counting",
	journal = NAT,
	volume = 373,
	pages = "471--472",
	year = 1995
	}

@ARTICLE{Hoffman-1994,
        author = "Darleane C Hoffman",
        title = "The Heaviest Elements",
	journal = CEN,
	pages = "24--34",
	month = "May 2",
	year = 1994
	}

@INCOLLECTION{Hoffman-1992,
	author = "Darleane C Hoffman",
	title = "Nuclear and Chemical Properties of Elements 103, 104 and 105",
	booktitle = "Transuranium Elements. A Half Century.",
	publisher = "ACS",
	year = 1992,
	editor = "L R Morss and J Fuger",
	address = "Washington D.C.",
	}

@INPROCEEDINGS{Hoffman-1990,
	author = "Darleane C Hoffman",
	booktitle = "Fifty Years With Transuranium Elements",
	title = "Chemistry of the Transactinide Elements",
	year = 1990,
	pages = "255-276",
	volume = "XXXIV",
	SERIES = "The Robert A. Welch Foundation Conferences on Chemical Research",
	address = "Houston, Texas",
	}

@ARTICLE{Hoffman-1989,
        author = "Darleane C Hoffman",
	title = "Spontaneous fission properties and Lifetime systematics",
	journal = NPA,
	pages = "21c--40c",
	year = 1989
	}

@ARTICLE{Hoffman-1987,
	author = "Darleane C Hoffman and R A Henderson and K E Gregorich
	and D A Bennett and R M Chasteler and C M Gannett and H L Hall
	and  D M Lee and M J Nurmia and S Cai and R Agarwal and A W Charlop 
	and T+Y Y Chu and R J Silva",
	title = "Atom-at-A-time Radiochenical separations of the 
	heaviest elements: Lawrencium chemistry",
	journal = JRNC,
	volume = 124,
	pages = "135--144",
	year = 1987
	}

@ARTICLE{Hofmann-1997,
	AUTHOR = "S Hofmann",
	TITLE = "Production of heavy and Superheavy elements",
	JOURNAL =NPA,
	year=1997,
	volume=616,
	pages="C370-C379"
	}
@ARTICLE{Hofmann-1997a,
    AUTHOR = "S Hofmann",
	TITLE = "Techniques for the discovery of new elements",
	journal = NIMPRB,
	volume = 126,
	pages = "310--315",
	year = 1997
	}

@ARTICLE{Hofmann-1997b,                                                                                       
    AUTHOR = "S Hofmann",
    TITLE = "Heavy and Superheavy Nuclei",
	journal = ZPA,
	volume = 358,
	pages = "125--129",
	year = 1997	
	}	
@ARTICLE{Hofmann-1996,
         AUTHOR = "S Hofmann and V Ninov and F P He{\ss}berger and P Armbruster
                   and H Folger and G M{\"u}nzenberg and H J Sch{\"o}tt and
                   A G Popeko and A V Yeremin and S Saro and R Janik and M Leino",
         TITLE = " The New Element 112",
         JOURNAL =ZPA,
         YEAR = 1996,
         VOLUMe= 354,
         PAGES = "229--230"
         }

@ARTICLE{Hofmann-1995,
	AUTHOR = "S Hofmann",
	title = "Manipulating nuclei at the nucleon level",
	journal = EN,
	volume = 26,
	pages = "101--102",
	year = 1995
	}

@ARTICLE{Hofmann-1995a,
        AUTHOR = "S Hofmann and V Nionv and F P He{\ss}berger and P Armbuster and 
	H Folger and G M{\"u}nzenberg and H J Sch{\"o}tt and A G Popeko and
	A V Yeremin and A N Andreyev and S Saro and R Janik and M Leino",
	title = "The new element 111",
	journal = ZPA,
	volume = 350,
	pages = "281--282",
	year = 1995
	}

@ARTICLE{Hofmann-1995b,
	AUTHOR = "S Hofmann and V Nionv and F P He{\ss}berger and P Armbuster and
        H Folger and G M{\"u}nzenberg and H J Sch{\"o}tt and A G popeko and
        A V Yeremin and A N Andreyev and S Saro and R Janik and M Leino",
	title = "Production and decay of {$^{269}$110}",
	journal = ZPA,
	volume = 350,
	pages = "277--280",
	year = 1995
	}

@ARTICLE{Huheey-1972,
	author = "J E Huheey and C L Huheey",
	title = "Anomalous properties of elements that follow {"Long periods"} of elements",
	journal = JCE,
	volume = 49,
	pages = "227--230",
	year = 1972
	}

@ARTICLE{Hulet-1989,
	author = "E. K. Hulet and J. F. Wild and R J Dougan and
	R. W. Lougheed and J H Landrum and A D Dougan and 
	P A Baisden and C M Henderson and R J Dupzyk and R L Hahn
	and M Sch{\"a}del and K S{\"u}mmerer and G R Bethune",
	title = "Spnotaneous fission of {$^{258}$Fm}, 
	{$^{259}$Md}, {$^{260}$Md}, and {$^{258}$No},
	and {$^{260}$[104]}: Bimodal fission",
	journal = PRC,
	volume = 40,
	pages = "770--784",
	year = 1989
	}

@ARTICLE{Hulet-1980,
	author = "E. K. Hulet and R. W. Lougheed and J. F. Wild 
	and J. H. Landrum and J. M. Nitschke and A. Ghiorso",
	title = "Chloride Complexation of Element 104.",
	journal = JINC,
	volume = 42,
	pages = "79--82",
	year = 1980
	}

@ARTICLE{Indelicato-1986,
	AUTHOR = "P. Indelicato",
	title = "Effects of the Breit interaction on the 
	1s binding energy of Superheavy Elements",
	journal = JPB,
	volume = 19,
	pages ="1719--1730",
	year = 1986
	}

@ARTICLE{Ionova-1992,
	AUTHOR = "G. V. Ionova and V. Pershina and E. Johnson and
	 B. Fricke and M. Sch{\"a}del",
	JOURNAL = JPC,
	VOLUME = 96,
	PAGES = "11096--11101",
	YEAR = 1992 
	}
   
@ARTICLE{Johnson-1996,
	author = "E Johnson and M O Krause and B Fricke",
	title = "Electronic Energies of Americium from Multiconfiguration {D}irac-{F}ock Calculations",
	journal = PRA,
	volume = 54,
	pages = "4783--4788",
	year = 1996
	}


@ARTICLE{Johnson-1991,
        AUTHOR = "E Johnson and B Fricke",
        TITLE = "Prediction of Some Thermodynamic Properties     
        of Selected Compounds of Element 104",
        JOURNAL = JPC,
        VOLUME = 95, 
        PAGES = "7082--7084",
        YEAR = 1991
                   }

@ARTICLE{Johnson-1990,
        AUTHOR = "E. Johnson and B. Fricke and Keller, Jr, O. L. 
        and  Nestor, Jr, C W  and T. C. Tucker",
        TITLE = "Ionisation potentials and radii of atoms and ions of element 104 (unniquadium)
        and of hafnium (2+) derived from multiconfiguration
        {D}irac-{F}ock calculations",
        JOURNAL = JCP,
        VOLUME = 93,
        PAGES = "8041--8050",
        YEAR  = "1990"
        }

@ARTICLE{Jorgensen-1973,
	author = "C K J{\/o}rgensen",
	title = "The Loose Connection Between the Electron
	Configuration and the Chemical Behaviour of the
	Heavy Elements",
	journal = ACIE,
	volume = 12,
	pages = "12--19",
	year = 1973
	}

@ARTICLE{Jorgensen-1969,
    author = "C K J{\/o}rgensen and M H{\"a}ssinsky",
	journal = RRL,
	volume = 1,
	pages = 181,
	year = 1969
	}

@ARTICLE{Jorgensen-1968,
	author = "C K J{\/o}rgensen",
	title = "Neprunium(VII), Nobelium(II), 126(IV) and Other 
	Unexpected Oxidation States of Trans-Uranium Elements",
	journal = CPL,
	volume = 2,
	pages = "549--550",
	year = 1968
	}

@ARTICLE{Keller-1985,
	AUTHOR = "Keller, Jr, O L",
	title = "Chemistry of the Heavy Actinides and
	Light Transactinides",
	journal = RCA,
	volume = 37,
	pages = "169--180",
	year = 1985
	}

@ARTICLE{Keller-1977,
	AUTHOR = "Keller, Jr, O L and G T Seaborg",
	title = "Chemistry of the Transactinide Elements",
	journal = ARNS,
	volume = 27,
	pages = "139--166",
	year = 1977
	}
	
@ARTICLE{Keller-1974,
	AUTHOR = "Keller, Jr, O L and Nestor, Jr, C W and B Fricke",
	TITLE = "Predicted Properties of the Supeheavy Elements. III. 
	{E}lement 115, Eka-Bismuth",
	JOURNAL = JPC,
	VOLUME = 78,
	PAGES = "1945-1949",
	YEAR = 1974
	}
	
@ARTICLE{Keller-1973,
	AUTHOR = "Keller, Jr, O L and Nestor, Jr, C W  and T. A. Carlson and
        B Fricke",
	TITLE = "Predicted Properties of the Superheavy 
	Elements. II. Element 111, Eka-Gold",
	JOURNAL = JPC,
	VOLUME = 77,
	PAGES = "1806--1809",
	YEAR = 1973
	}

@ARTICLE{Keller70,
	AUTHOR = "Keller, Jr, O L and J. L. Burnett and T. A. Carlson and
	Nestor, Jr, C W",
	TITLE = "Predicted Properties of the Super Heavy Elements. I. Elements
	113 and 114, Eka-Thallium and Eka-Lead",
	JOURNAL = JPC,
	VOLUME = 74,
	PAGES = "1127--1134",
	YEAR = 1970
	}

@article{Kadkhodayan-1996,
	author = "B Kadhkhodayan and A T{\"u}rler and K E Gregorich
	and K R Czerwinski and B Eichler and H W G{\"a}ggler
	and T M Hamilton and N J Hannink and D T Jost 
	and C D Kacher and A Kovacs and S A Kreek
	and M R Lane and M F Mohar and M P Neu and E R Sylwester
	and D M Lee and M J Nurmia and G T Seaborg and D C Hoffman",
	journal = RCA,
	volume = 72,
	pages = "169--178",
	year = 1996
	}

@ARTICLE{Kadkhodayan-1992,
	author = "B. Kadkhodayan and A. T{\"u}rler and K. E. 
	Gregorich and M. J. Nurmia and D. M. Lee and D. C. Hoffman",
	journal = NIMPR,
	pages = 254,
	volume = "A317",
	year = 1992
	}

@ARTICLE{Kober-1990,
	author = "E K{\"o}ber and E J Langrock",
	title = "Search for Superheavy Elements in  the Nature",
	journal ="Isotopenpraxis",
	volume = 26,
	pages = "574--583",
	year = 1990
	}

@article{Koc-1996,
title = "Relativistic modification of asymptotic configuration interaction in the carbon isoelectronic sequence ",
journal = CPL,
volume = "263",
number = "1ÔøΩ2",
pages = "338--344",
year = "1996",
issn = "0009-2614",
doi = "http://dx.doi.org/10.1016/S0009-2614(96)01174-8",
url = "http://www.sciencedirect.com/science/article/pii/S0009261496011748",
author = "Konrad Koc and Yasuyuki Ishikawa and Takashi Kagawa and Yong-Ki Kim"
}

@article{Kratz-1989,
	author = "J V Kratz and H P Zimmermann and U W Scherer and M Sch{\"a}del
	and W Bruchle and K E Gregorich and C M Gannett and H L Hall and
	R A Henderson and D M Lee and J D Leyba and M J Nurmia and D C Hoffman and
	H G{\"a}ggler and D Jost and U Baltensperger and {Ya} Nai-qi and A T{\"u}rler
	and {CH} Lienert",
	title = "Chemical properties of element 105
	in aqueous solutions: Halide complex formation and anion exchange into triisoctyl amine",
	journal = RCA,
	volume = 48,
	pages = 121,
	year = 1989
	}

@ARTICLE{Lalazissis-1996,
	author = "G A Lalazissis and M M Sharma and P Ring and Y K Gambhir",
	title = "Superheavy nuclei in the relativistic mean-field theory",
	journal = NPA,
	volume = 608,
	pages = "202--226",
	year = 1996
	}

@ARTICLE{Langrock-1995,
	author = "E J Langrock and P Vater and R Brandt and D Molzahn",
	title = "New Attempts in Search for Superheavy Elements in nature",
	journal = RM,
	volume = 25,
	pages = "287--288",
	year = 1995
	}

@ARTICLE{Larson-1968,
	AUTHOR = "A. C. Larson and J. T. Waber",
	TITLE = "Self-Consistent-Field Calculations for the Translawrencium Elements- 
	Beginning of a 5g Transition Series",
	JOURNAL = JCP,
	VOLUME = 48,
	PAGES = "5021--5025",
	YEAR = 1968
	}

@ARTICLE{Lazarev-1994,
	author = "{Yu} A Lazarev and {Yu} V Lobanov and {Yu} {Ts} Oganessian
	and V K Utyonkov and F {Sh} Abdullian and G V Buklanov and B N Gikal
	and S Iliev and A N Mezentsev and A N Polyakov and I M Sedykh and 
	I V Shirokovsky and V G Subbotin and A M Sukhov and {Yu} S Tsyganov
	and V E Zhuchko",
	journal = PRL,
	volume = 73,
	pages = "624--627",
	year = 1994
	}

@BOOK{Lodhi-1978,
	author = "M. A. K. Lodhi",
	title = "Superheavy Elements",
	PUBLISHER = "Pergamon Press",
	ADDRESS = "Oxford",
	YEAR = "1978"
	}

@article{Maly-1973,
	author = "Jaromir Mal{\'y} and Michel Hussonnois",
	title = "SCF {D}irac-{H}artree-{F}ock Calculations in the Periodic
	System
	I. Calculated Ground States of All Elements from {$Z=1$} to
	{$Z=120$}",
	journal = TCA,
	volume = 28,
	pages = "363--390",
	year = 1973
	}

@inproceedings{Malli-1994a,
    author = "G L Malli",
    title =  "Relativistic and Electron Correlation Effects in
	Molecules of Heavy Elements",
    editor = "G L Malli",
    booktitle = "Relativistic Effects in Atoms, Molecules and Solids",
    year = 1994,
    publisher = "Plenum Press",
    address = "New York",
    volume = 318,
    series = "NATO ASI Series, Series B: Physics",
    note = "Proceedings of a NATO Advanced Study Institute
    on Relativistic Effects in Atoms, Molecules and Solids
    held August 10-21, 1992 at the University of British
    Columbia, Vancouver, Canada"
    }


@INPROCEEDINGS{Mann-1976,
	author = "Joseph B. Mann",
	title = "Electronic Structure of Superheavy Elements",
	booktitle = "Predictions in the Study of Periodicity",
	editor = "B M Kedrov and D N Trifonov",
	publisher = "Nanka",
	pages = "161--201",
	address = "Moscow",
	year = 1976,
	note = "in Russian"
	}

@ARTICLE{Mann-1970,
	AUTHOR = "Joseph B. Mann and James T. Waber",
	TITLE = "SCF Relativistic {H}artree-{F}ock Calculations
	 on the Superheavy Elements
	118-131",
	JOURNAL = JCP,
	VOLUME = 53,
	PAGES = "2397--2406",
	YEAR = 1970
	}

@ARTICLE{Mann-1969,
	AUTHOR = "Joseph B. Mann",
	TITLE = "Stability of 8p Electrons in Superheavy Elements",
	journal = JCP,
	volume = 51,
	pages = "841--842",
	year = 1969
	}

@article{Moller-1997,
	author = "P M{\"o}ller and J R Nix and {K. -L} Kratz",
	journal = ADNDT,
	title = "Nuclear Properties for Astrophysical
	and Radioactive-ion-beam applications",
	volume = 66,
	pages = "131--343",
	year = 1997
	}

@article{Moller-1994,
	author =" P M{\"o}ller and J R Nix",
	title = "Stability of heavy and superheavy elements",
	journal = JPG,
	pages = "1681--1747",
	volume = 20,
	year = 1994
	}

@article{Moller-1992,
	author = "Peter M{\"o}ller and J R Nix",
        title = "Stability and decay of nuclei at the end of the
	periodic system",
	journal = NPA,
	pages = "84--102",
	year = 1992
	}

@article{Moller-1981,
title = "Nuclear mass formula with a Yukawa-plus-exponential macroscopic model and a folded-Yukawa single-particle potential ",
journal = NPA,
volume = "361",
number = "1",
pages = "117--146",
year = "1981",
issn = "0375-9474",
doi = "http://dx.doi.org/10.1016/0375-9474(81)90473-5",
url = "http://www.sciencedirect.com/science/article/pii/0375947481904735",
author = "Peter MÔøΩller and J.Rayford Nix"
}

@article{Moller-1981a,
	author = "Peter M{\"o}ller and J R Nix",
        title = "atomic masses and nuclear ground-state deformations
	calculated with a new macroscopic-microscopic model",
	journal = ADNDT,
	volume = 26,
	pages = "165--196",
	year = 1981
	}

@ARTICLE{Munzenberg-1995,
	author = "G M{\"u}nzenberg",
	title = "Discovery, synthesis and nuclear properties 
	of the heaviest elements",
	journal = RCA,
	volume = "70/71",
	pages = "193-206",
	year = 1995
	}

@article{Nash-1997,
	author = " C S Nash and B E Bursten and W C Ermler",
	title = "AB Initio Relativistic Effective
	Potentials with Spin-Orbit Operators. 7.
	Am Through Element 118",
	journal = JCP,
	volume = 106,
	pages = "5133-5142",
	year = 1997
	}

@PHDTHESIS{Nash-1996,
	AUTHOR = "C S Nash",
	TITLE = "Relativistic Effective Core Potentials and the Theoretical 
                 Chemistry of the Transactinide Elements",
	SCHOOL = "The Ohio State University",
	YEAR = 1996
	}

@ARTICLE{Nash-1995,
	AUTHOR = "C S Nash and B E Burnstein",
	title = "Comparisons among transition metal, actinide,
	and transactinide complexes/ The relativistic electronic
	structures of Cr(CO){$_6$}, W(CO){$_6$}, U(CO){$_6$}
	and Sg(CO){$_6$}",
	journal = NJC,
	volume = 19,
	pages = "669--675",
	year = 1995
	}

@article{Nilsson-1968,
	author = "S G Nilsson and J R Nix and A Sobiczewski and Z Szymanski
	and S Wycech and C Gustafson and P M{\"o}ller",
	journal = NPA,
	volume = 115,
	pages = 545,
	year = 1968
	}

@article{Nilsson-1972,
	author = "S G Nilsson and J Damgaard",
	title  = "The present status in super-heavy element 
	calculations",
	journal = PS,
	volume = 6,
	pages = "81--93",
	year =1972
	}

@ARTICLE{Nurmia-1974,
	author = "Matti Nurmia",
	title= "Superheavies in Nature- Where and How to Look",
	journal = PS,
	volume = "10A",
	pages = "77--80",
	year =1974
	}

@article{Oganessian-1995,
	author = "{Yu} {Ts} Oganessian",	
	title = "Synthesis and properties of superheavt nuclei",
	journal = NPA,
	volume = 583,
	pages = "823--836",
	year = 1995
	}

@article{Ottschofski-1997,
	author = "E Ottschofski and Werner Kutzelnigg",
	journal = JCP,
	volume = 106,
	pages = "6634--6646",
	year  = 1997
	}
	
@article{Patyk-1991,
	author = "Z Patyk and A Sobiczewski",
	title = "Ground-state properties of the heaviest nuclei
	analyzed in a multidimensional deformation space",
	journal = NPA,
	volume = 533,
	pages = "132--152",
	year = 1991
	}

@article{Patyk-1989,
	author = "Z Patyk and J Skalski and A Sobiczewski",
	title = "Potential energy and spontaneous-fission
	half-lives for heavy and superheavy nuclei",
	journal = NPA,
	volume = 502,
	pages = "591c--600c",
	year = 1989
	}

@ARTICLE{Penneman-1971,
	AUTHOR = "R. A. Penneman and J. B. Mann and C. K. J{\/o}rgensen",
	TITLE = "Speculations on the Chemistry of Superheavy
	Elements such as Z=164.",
	JOURNAL = CPL,
	VOLUME = 8,
	PAGES = "321--326",
	YEAR = 1971
	}

@ARTICLE{Pershina-1996,
        AUTHOR = "V Pershina and B Fricke",
        TITLE = "Group 6 Dioxychlorides MO{_2}Cl{_2} (M = Cr, Mo,
        W, and Element 106, Sg): The Electronic Structure and
        Thermochemical Stability",
        JOURNAL = JPC,
        VOLUME = 100,
        PAGES = "8748--8751",    
        YEAR = 1996
                   }

@article{Pershina-1996a,
	author = "V Pershina",
	title = "Electronic Structure and Properties
	of the Transactinides and their Compounds",
	journal = CR,
	volume = 96,
	pages = "1977--2010",
	year = 1996
	}

@ARTICLE{Pershina-1995,
        AUTHOR = "V Pershina and B Fricke",  
        TITLE = "Group 6 Oxychlorides MOCl{_4} (M = Cr, Mo,
        W, and Element 106, Sg): The Electronic Structure and
        Thermochemical Stability",                      
        JOURNAL = JPC,
        VOLUME = 99,
        PAGES = "144-147", 
        YEAR = 1995
                   }

                   
@ARTICLE{Pershina-1994,
        AUTHOR = "V Pershina and B Fricke",
        JOURNAL = JPC,
        TITLE = "Electronic Structure and Properties of the 
        Group 4, 5 and 6 Highest Chlorides Including
        Elements 104, 105, and 106",
        VOLUME = 98, 
        PAGES = "6468--6473",
        YEAR = 1994
                   }
@ARTICLE{Pershina-1994a,
	AUTHOR = "V Pershina and B Fricke and G. V. Ionova",
	title = "Theoretical Study of the Physicochemical properties
	of the light transactinides",
	journal = JOAAC,
	volume = "213/214",
	pages = "33--37",
	year = 1994
	}

@ARTICLE{Pershina-1994b,
	author = "V Pershina and B Fricke and J V Kratz and
	G. V. Ionova",
	title = "The electronic structure of anionic halide 
	complexes of element 105 in aqueous solutions and their
	extraction by aliphatic amines",
	journal = RCA,
	volume = 64,
	pages = "37--48",
	year = 1994
	}

@ARTICLE{Pershina-1994c,
	author = "V Pershina and B Fricke",
	title = "The electronic structure of the group 6
	oxyanions [MO{$_4$]$_{2-}}, where M = Cr, Mo, W,
	and element 106",
	journal = RCA,
	volume = 65,
	pages = "13--17",
	year = 1994
	}

@ARTICLE{Pershina-1993,
	Author = "V Pershina and B Fricke",
	title = "Relativistic Effects in physics and
	chemistry of element 105 IV. Their influence 
	on the electronic structure and related properties",
	journal = JCP,
	volume = 99,
	pages = "9720--9729",
	year = 1993
	}
	
@ARTICLE{Pershina-1992,
        AUTHOR = "V Pershina and W. D. Sepp and B Fricke and
        D. Kolb and M. Sch{\"a}del and G. V. Ionova",
        TITLE = "Relativistic Effects in Physics and Chemistry of
        Element 105. II. Electronic Structure and Properties 
        of Group 5 Elements Bromides",
        JOURNAL = JCP,
        VOLUME = 97, 
        PAGES = "1116--1122",
        YEAR = 1992
        }

@ARTICLE{Pershina-1992a,
        AUTHOR = "V Pershina and W. D. Sepp and T. Bastug and B Fricke
        and G. V. Ionova",
        TITLE = "Relativistic Effects in Physics and Chemistry of
        Element 105. III. {E}lectronic Structure of Hahnium Oxyhalides
        as Analogs of Group 5 Elements Oxyhalides",
        JOURNAL = JCP,
        VOLUME = 97,  
        PAGES = "1123--1131",
        YEAR = 1992
                   }

@ARTICLE{Pershina-1992b,
        AUTHOR = "V Pershina and W. D. Sepp and  B Fricke and A Ros{\'e}n",
        TITLE = "Relativistic Effects in Physics and Chemistry of
        Element 105. I. Periodicities in properties of group 5 elements",
        JOURNAL = JCP,
        VOLUME = 96,
        PAGES = "8367--8378",
        YEAR=1992
        }

@ARTICLE{Pershina-1989,
	author = "V G Pershina and G V Ionova and N I Suraeva",
	title = "Electronic Structure of Superheavy Elements
	and their compounds",
	journal = CCA,
 	volume = 62,
	pages = "763--773",
	year = 1989
	}

@ARTICLE{Persson-1989,
	author = " H. Persson and G Skarnemark and M Sk{\"a}lberg
	and J Alsstad and J O Liljenzin and G Bauer and F Haberberger
	and N Kaffrell and J Rogowski and N Trautmann",
	journal = RCA,
	volume = 48,
	pages = 177,
	year = 1989
	}

@ARTICLE{Pitzer-1975a,
	author = "K. S. Pitzer",
        TITLE = "Fluorides of Radon and element 118",
	journal = JCSCC,
	pages = "760-761",
	year = 1975
	}

@ARTICLE{Pyper81,
	AUTHOR = "N. C. Pyper and I. P. Grant",
	TITLE = "Theoretical chemistry of the 7p series of superheavy elements. I.
	Atomic structure studied by multi-configuration {D}irac-{F}{QED}ock theory",
	JOURNAL = PRSLA,
	VOLUME = 376,
	PAGES = "483--491",
	YEAR = 1981
	}

@article{Randrup-1974,
	author = "J Randrup and P M{\"o}ller and A Sobiczewski 
	and A Lukasiaki",
	journal = PS,
	volume = "10A",
	pages = 60,
	year = 1974
	}

@ARTICLE{Rosen-1979,
	AUTHOR = "A Ros{\'e}n and B. Fricke and T. Morovi{\'c} and D E Ellis",
	journal = JDPC,
	volume = "C4",
	pages = "218--219",
	year = 1979
	}

@ARTICLE{Rosen-1978,
        AUTHOR = "A Ros{\'e}n and B. Fricke and T. Morovi{\'c}",
        TITLE = "Self-Consistent Relativistic Molecular Calculations
        of Superheavy Molecule ($_{110}X)$F$_6$",              
        JOURNAL = PRL,
        VOLUME = 40,
        PAGES = "856-859",
        YEAR = 1978
                   }
@article{Rouhi-1996,
	author = "M Rouhi",
	title = "Element 112. New Element made from Zinc and lead",
	journal = CEN,
	pages = 6,
	year = 1996,
	month = "February 26"
	}


@article{Rutz-1997,
	author = "K Rutz  and M Bender and T B{\"u}rvenich and T Schilling and 
	P-G Reinhard and J A Maruhn and W Greiner",
	title = "Superheavy nuclei in self-consistent nuclear calculations",
	journal = PRC,
	pages = "238--243",
	year = 1997
	}

@ARTICLE{Ryzhkov-1992,
	author = "M V Ryzhkov and V A Gubanov and I Zvara",
	title = "Is Element 104 a continuation of IVa subgroup?",
	journal = RCA,
	volume = 57,
	pages = "11--14",
	year = 1992
	}

@ARTICLE{Saue-1996,
	author = "T Saue and K F{\ae}gri and O Gropen",
	title = "Relativistic Effects on the bonding of heavy
	and superheavy hydrogen halides",
	journal = CPL,
	volume = 263,
	pages = "360--366",
	year = 1996
	}

@ARTICLE{Schadel-1997a,
	author = "M Sch{\"a}del and W Br{\"u}chle and B Schausten and E Schimpf 
	and E J{\"a}ger and G wirth and R G{\"u}nther and J V Kratz and W Paulus and A Seibert and
	P Th{\"o}rle and N Trautmann and S Zauner and D Schumann and M Andrassy and
	R Misiak and K E Gregorich and D C Hoffman and D M Lee and
	E R Sylwester and Y Nagame and Y Oura",
	title = "First aqueous chemistry with seagborium (element 106)",
	journal = RCA,
	volume = 77,
    pages = "149--159",
	year = 1997
	}

@ARTICLE{Schadel-1997,
	author = "M Sch{\"a}del and W Br{\"u}chle and B Eichler and H W G{\"a}ggler
	and R G{\"u}nther and K E Gregorich and D C Hoffman and S H{\"u}bener 
	and D T Jost and J V Kratz and W Paulus and D Schumann and S Timonkhin
	and N Trautmann and A T{\"u}rler and G Wirth and A Yakuschev",
	title = "Chemicla Properties of element 106 (seborgium)",
	journal = NAT,
	volume = 388,
	pages = "55--57",
	year = 1997
	}

@ARTICLE{Schadel-1995,
	author = "M Sch{\"a}del",
	title = "Chemistry of the Transactinide Elements",
	journal = RCA,
	volume = "70/71",
	pages = "207--223",
	year = 1995
	}

@inproceedings{Schadel-1992a,
	author = "M Sch{\"a}del",
        title = "Chemistry of the heaviset elements",
	booktitle = "Nuclei Far from Stability/Atomic Masses
	and Fundamental Constants '92",
	number = 132,
	chapter = "section 4",
	series = "Inst. Phys. Conf. Ser.",
	pages = "413--422",
	year = 1992
        }

@ARTICLE{Schadel-1989,
	author = "M Sch{\"a}del and W. Br{\"u}chle and E J{\"a}ger
		and E Schimpf and J V Kratz and U W Scherer
		and H P Zimmermann",
	title = "ARCA II - A NEw Apparatus for Fast, Repetitive
	HPLC Separations",
	journal = RCA,
	volume = 48,
	pages = "171--176",
	year = 1989
	}

@ARTICLE{Schadel-1988,
	author = "M Sch{\"a}del and W. Br{\"u}chle and B Haefner",
	journal = NIMPR,
	volume = "A264",
	pages = 308,
	year = 1988
	}
@ARTICLE{Scherer-1988,
	author = "U W Scherer and J V Kratz and M Sc{\"a}del and
	W Br{\"u}chle and K E Gregorich and R A Henderson and
	D Lee and M Nurmia and D C Hoffman",
	title = "Lawrencium chemistry: No evidence for oxidation states
	lower the 3$+$ in aqueous solution",
	journal = ICA,
	volume = 146,
	pages = "249--254",
	year = 1988
	} 

@article{Schmid-1997,
	author = "R N Schmid and E Engel and R M Dreizler",
    title = "Relativistic Models for Nuclear Structure Calculations:
	Comparative Study of Mean-Field and {H}artree-{F}ock
	Approximation for Superheavy Nuclei",
	journal = FP,
	volume = 27,
	pages = 1257,
	year = 1997
	}

@ARTICLE{Schumann-1996,
	author = "D Schumann and S Fischer and R Dressler and {St} Taut and
	H Nitsche and N Trautmann and M Sch{\"a}del and W Br{\"u}chle and B Schausten
	and A F Novgorodov and R Misiak andB Eichler and H{\"a}ggler and D Jost
	and A T{\"u}rler and H Bruchertseifer",
	title = "Sorption of Subgroup IV, V and VI Elements on Ion exchangers
	from HCl/HF solutions. Model Experiments for chemical studies of the elements
	105 and 106 in aqueous solution",
	journal = RCA,
	volume = 72,
	pages = "137--142",
	year = 1996
	}

@article{Seaborg-1996,
	author="G. T. Seaborg",
	title = "Evolution of the Modern Periodic Table",
	journal = JCSDT,
	pages = "3899--3907",
	year = 1996
	}

@BOOK{Seaborg-1990,
	AUTHOR = "G. T. Seaborg and W. D. Loveland",
	title = "The Elements beyond Uranium",
	PUBLISHER = "Wiley",
	year = 1990,
	ADDRESS = "New York"
	}

@ARTICLE{Seaborg-1985,
	author = "G. T. Seaborg",
        title = "The transuranium elements",
	journal = JCE,
	volume = 62,
	pages = "463--467",
	year = 1985
	}

@ARTICLE{Seaborg-1974,
	author = "G. T. Seaborg",
	title = "The search for New elements: the projects of today
	in a larger perspective",
	journal = PS,
	volume = "10A",
	pages = "5--12",
	year = 1974
	} 

@ARTICLE{Seaborg-1968,
	author = "G. T. Seaborg",
	title = "Elements beyond 100, Present Status and Future Prospects.",
	journal = ARNS,
	volume = 18,
	pages = "53--152",
	year = 1968
	}


@article{Seth-1997,
   author = "Seth, Michael and Schwerdtfeger, Peter and Dolg, Michael",
   title = {The chemistry of the superheavy elements. {I}. {P}seudopotentials for 111 and 112 and relativistic coupled cluster calculations for (112){H}+, (112){F}$_2$, and (112){F}$_4$},
   journal = JCP,
   year = "1997",
   volume = "106",
   number = "9", 
   pages = "3623--3632",
   url = "http://scitation.aip.org/content/aip/journal/jcp/106/9/10.1063/1.473437",
   doi = "http://dx.doi.org/10.1063/1.473437" 
}

@article{Seth-2003,
title = "A comparison of relativistic and electron correlation effects for (111){F}, (111){H} and (111){L}i",
journal = CPL,
volume = "318",
number = "4-5",
pages = "314--318",
year = "2000",
issn = "0009-2614",
doi = "http://dx.doi.org/10.1016/S0009-2614(00)00034-8",
url = "http://www.sciencedirect.com/science/article/pii/S0009261400000348",
author = "Michael Seth and Peter Schwerdtfeger"
}

@article{Seth-1998b,
   author = "Seth, Michael and Cooke, Fiona and Schwerdtfeger, Peter and Heully, Jean-Louis and Pelissier, Michel",
   title = "The chemistry of the superheavy elements. {II}. {T}he stability of high oxidation states in group 11 elements: Relativistic coupled cluster calculations for the di-, tetra- and hexafluoro metallates of {C}u, {A}g, {A}u, and element 111",
   journal = JCP,
   year = "1998",
   volume = "109",
   number = "10",
   pages = "3935--3943",
   url = "http://scitation.aip.org/content/aip/journal/jcp/109/10/10.1063/1.476993",
   doi = "http://dx.doi.org/10.1063/1.476993" 
}

@article{Seth-1998a,
author = {Seth, Michael and Faegri, Knut and Schwerdtfeger, Peter},
title = {The Stability of the Oxidation State +4 in Group 14 Compounds from Carbon to Element 114},
journal = ACIE,
volume = {37},
number = {18},
publisher = {WILEY-VCH Verlag GmbH},
issn = {1521-3773},
url = {http://dx.doi.org/10.1002/(SICI)1521-3773(19981002)37:18<2493::AID-ANIE2493>3.0.CO;2-F},
doi = {10.1002/(SICI)1521-3773(19981002)37:18<2493::AID-ANIE2493>3.0.CO;2-F},
pages = {2493--2496},
year = {1998},
}

@article{Seth-1995,
author = {Seth, Michael and Dolg, Michael and Fulde, Peter and Schwerdtfeger, Peter},
title = {Lanthanide and Actinide Contractions: {R}elativistic and Shell Structure Effects},
journal = JACS,
volume = {117},
number = {24},
pages = {6597--6598},
year = {1995},
doi = {10.1021/ja00129a026},
URL = {http://dx.doi.org/10.1021/ja00129a026},
eprint = {http://dx.doi.org/10.1021/ja00129a026}
}

@article{Seth-1996,
title = "Large relativistic effects in molecular properties of the hydride of superheavy element 111",
journal = CPL,
volume = "250",
number = "5-6",
pages = "461--465",
year = "1996",
issn = "0009-2614",
doi = "http://dx.doi.org/10.1016/0009-2614(96)00039-5",
url = "http://www.sciencedirect.com/science/article/pii/0009261496000395",
author = "Michael Seth and Peter Schwerdtfeger and Michael Dolg and Knut Faegri and Bernd A. Hess and Uzi Kaldor"
}

@ARTICLE{Silva-1970,
	author = "R. J. Silva and J. Harris and M. Nurmia 
	and K Eskola and A. Ghiorso",
	title = "Chemical Separation of Rutherfordium",
	journal = INCL,
	volume = 6,
	pages = "871--877",
	year = 1970
	}

@ARTICLE{Silva-1970a,
	author = "R Silva and T Sikkeland and M Nurmia
	and A Ghiorso",
	title = "Tracer Chemical studies of lawrencium",
	journal = INCL,
	volume = 6,
	pages = "733--739",
	year = 1970
	}

@ARTICLE{Smith-1973,
	AUTHOR = "G. P. Smith and H. L. Davis",
	TITLE = "Relationships Between the Chemistry and
	Spectroscopy of Bismuth and that Anticipated for
	Element 115",
	JOURNAL = INCL,
	VOLUME = 9,
	pages = "991--996",
	year = 1973
	}

@article{Smolanczuk-1997,
	author = "R Smol{\'a}nczuk",
    title = "Properties of the Hypothetical Spherical
	Superheavy Nuclei",
	journal = PRC,
	volume = 56,
	pages = "812--824",
	year = 1997
	}

@article{Smolanczuk-1995,
	author = "R Smol{\'a}nczuk and J Skalski and A Sobiczewaki",
    title = "Spontaneous-fission half-lives of deformed 
	superheavy nuclei",
	journal = PRC,
	volume = 52,
	pages = "1871--1880",
	year = 1995
	}

@article{Szeglowski-1972,
	author = "Z Szeglowski  and H Bruchertseifer and V P Domanov and B Gleiberg
	and L J Guseva and M Hussonnois and G Tikhomerova
	and I Zvara and {Yu} {Ts} Oganessian",
	journal = RCA,
	volume = 51,
	pages = 71,
	year = 1990
	}

@article{Tondeur-1978,
	author = "F Tondeur",
	journal = ZPA,
	volume = 288,
	pages = 97,
	year = 1978
	}

@article{Turler-1996,
	author = "A T{\"u}rler",
	title = "Gas Phase chemistry chemistry experiments
	with transactinide elements",
	journal = RCA,
	volume = 72,
	pages = "7--17",
	year =1996
	}

@article{Turler-1996a,
	author = "A T{\"u}rler and B Eichler and D T Jost and D Piguet
	and H W G{\"a}ggler and K E Gregorich and B Kadkhodayan and S A Kreek
	and D M Lee and M Mohar and E Sylwester and D C Hoffman and S H{\"u}bner",
	journal = RCA,
	volume = 73,
	pages = "55--66",
	year = 1996
	}
	

@article{Turler-1992,
	author= "A T{\"u}rler and H W G{\"a}ggler
	and K E Gregorich and H Barth and W Br{\"u}chle
	and K R Czerwinski and M K Gober and N J Hannink
	and R A Henderson and D C Hoffman and D T Jost and C D Kacher
	and B Kadhkhodayan and J Kovacs and J V Kratz and S A Kreek
	and D M Lee and J D Lebya and M J Nurmia and M Sch{\"a}del 
	and U W Scherer and E Schimpf and D Vermeulen and A Weber
	and H P Zimmermann and I Zvara",
	journal = JRNC,
	volume = 160,
	pages = 327,
	year = 1992
	}

@ARTICLE{Waber-1969,
	AUTHOR = "J T Waber and D T Cromer and D Liberman",
	TITLE = "SCF Dirac-Slater Calculations of the Translawrencium
	Elements",
	JOURNAL = JCP,
	VOLUME = 51,
	PAGES = "664--668",
	YEAR = 1969
	}

@article{Waber-1974,
	author = "J T Waber and F W Averill",
	title = "Molecular Orbitals of PtF{$_6$} and E110F{$_6$}
	calculated by the self-consistent multiple scattering
	{$X\alpha$} method",
	journal = JCP,
	volume = 60,
	pages = "4466--4470",
	year = 1974
	}

@ARTICLE{Wood-1981,
	AUTHOR = "C P Wood and N C Pyper",
        TITLE ="Ab Initio Relativistic Calculation for (E113){$_2$}",
        JOURNAL= CPL,
	PAGES = "614--621",
        VOLUME = 84,
        YEAR = "1981"
        }

@ARTICLE{Wood-1981a,
	AUTHOR = "C P Wood and N C Pyper",
        TITLE ="Ab Initio Relativistic lattice calculations
	for fluorides of the 7p series of superheavy elements",
	journal = CPL,
	volume = 81,
	pages = "395--401",
	year = 1981
	}

@article{Yu-1978,
	author = "{Yu} {Ts}  Organessian and H Bruchertseifer 
	and G V  Buklanov and V I Chepigen and V S Choi
	and B Eichler and K A Gavrilov and H G{\"a}ggler and
	{Yu} S Korotkin and O A Orlova and T Reetz and W Seidel and G M Ter-Akopian and
	S P Tretyakova and I Zvara",
	journal = NPA,
	volume = 294,
	pages = 213,
	year = 1978
	} 

@ARTICLE{Zhuikov-1990,
	author = "B L Zhuikov and V A Glebov and V S Nefedov and I Zvara",
	title = "Relativistic Effects in Kurchatovium Chemistry",
	journal = JRNC,
	volume = 143,
	pages = "103--111",
	year = 1990
	}

@ARTICLE{Zimmermann-1993,
	author = "H P Zimmermann and M K Gober and J V Kratz 
	and M Sch{\"a}del and W Br{\"u}chle and E Schimpf
	and K E Gregorich and A T{\"u}rler and K R Czerwinski
	and N J Hannink and K Kadkhodayan and D M Lee
	and M J Nurmia and D C Hoffman and H G{\"a}ggler 
	and D Jost and J Kovacs and U W Scherer and A Weber",
	journal = RCA,
	volume = 60,
	pages = "11--16",
	year = 1993
	}

@ARTICLE{Zvara-1971,
	author = "I. Zvara and V. Z. Belov and L. B. Chelnokov
	and V. P. Domanov and M. Hussonios and Y. S. Korotkin
	and V. A. Schlegolev and M. R. Shalayevsky",
	title = "Chemical Separation of Kurchatovium",
	journal = INCL,
	volume = 7,
	pages = "1109--1116",
	year = 1971
	}

@ARTICLE{Zvara-1970,
	author = "I. Zvara and Y. T. Chuburkov and V. Z. Belov and
	G. V. Buklanov and B. B. Zakhvataev and T. S. Zvarova
	and O. D. Maslov and R. Caletka and M. R. Shalayevsky",
	title = "Adsorption of Kurchatovium Chloride from the
	Gas Stream on Surfaces of Glass and Potassium Chloride.",
	journal = JIC,
	volume = 32,
	pages = 1885,
	year = 1970
	}

@ARTICLE{Bethe-1947,
	author = "H A Bethe",
	title = "The Electromagnetic Shift of Energy Levels",
	journal = PR,
	volume = 72,
	pages = "339--341",
	year = 1947
	}

@ARTICLE{Lamb-1947,
	author = "W E Lamb and R C Retherford",
	title = "Fine Structure of the Hydrogen Atom by a Microwave Method",
	journal = PR,
	volume = 72,
	pages = "241--243",
	year = 1947
	}

@ARTICLE{Present-1941,
	title = "A Note on Nuclear Radii",
	author = "R D Present",
	journal = PR,
	volume = 60,
	pages = "28--31",
	year = 1941,
	}

@ARTICLE{Bethe-1940,
	title = "A Continuum Theory of the Compound Nucleus",
	author = "H A Bethe",
	journal = PR,
	volume = 57,
	pages = "1125--1144",
	year = 1940,
	}
	

	
@article{Eichler-2005,
Author = {Eichler, R},
Title = {Empirical relation between the adsorption properties of elements on gold
   surfaces and their volatility},
Journal = RCA,
Year = {2005},
Volume = {93},
Number = {4},
Pages = {245--248},
DOI = {10.1524/ract.93.4.245.64069}
}

@article{Serov-Aksenov-2011,
Author = {Serov, A. and Aksenov, N. and Bozhikov, G. and Eichler, R. and Dressler,
   R. and Lebedev, V. and Petrushkin, O. and Piguet, D. and Shishkin, S.
   and Tereshatov, E. and T\"urler, A. and Voegele, A. and Wittwer, D. and
   G\"aggeler, H. W.},
Title = {{Adsorption interaction of astatine species with quartz and gold surfaces}},
Journal = RCA,
Year = {{2011}},
Volume = {{99}},
Number = {{9}},
Pages = {{593--599}},
DOI = {{10.1524/ract.2011.1850}},
ISSN = {{0033-8230}},
ResearcherID-Numbers = {{Eichler, Robert/G-5130-2011
   Turler, Andreas/D-3913-2014}},
ORCID-Numbers = {{Turler, Andreas/0000-0002-4274-1056}},
Unique-ID = {{ISI:000294789600009}},
}

@article{Eichler-2010,
Author = {Eichler, R. and Aksenov, N. V. and Albin, Yu. V. and Belozerov, A. V.
   and Bozhikov, G. A. and Chepigin, V. I. and Dmitriev, S. N. and
   Dressler, R. and Gaeggeler, H. W. and Gorshkov, V. A. and Henderson, R.
   A. and Johnsen, A. M. and Kenneally, J. M. and Lebedev, V. Ya and
   Malyshev, O. N. and Moody, K. J. and Oganessian, Yu. Ts and Petrushkin,
   O. V. and Piguet, D. and Popeko, A. G. and Rasmussen, P. and Serov, A.
   and Shaughnessy, D. A. and Shishkin, S. V. and Shutov, A. V. and Stoyer,
   M. A. and Stoyer, N. J. and Svirikhin, A. I. and Tereshatov, E. E. and
   Vostokin, G. K. and Wegrzecki, M. and Wilk, P. A. and Wittwer, D. and
   Yeremin, A. V.},
Title = {{Indication for a volatile element 114}},
Journal = RCA,
Year = {{2010}},
Volume = {{98}},
Number = {{3}},
Pages = {{133-139}},
DOI = {{10.1524/ract.2010.1705}},
ISSN = {{0033-8230}},
ResearcherID-Numbers = {{Wilk, Philip/B-5954-2008
   Eichler, Robert/G-5130-2011}},
Unique-ID = {{ISI:000276211300002}},
}

@article{Hermann-2010,
Author = {Hermann, Andreas and Furthmueller, Juergen and Gaeggeler, Heinz W. and
   Schwerdtfeger, Peter},
Title = {{Spin-orbit effects in structural and electronic properties for the solid
   state of the group-14 elements from carbon to superheavy element 114}},
Journal = PRB,
Year = {{2010}},
Volume = {{82}},
Number = {{15}},
Month = {{OCT 8}},
DOI = {{10.1103/PhysRevB.82.155116}},
Article-Number = {{155116}},
ISSN = {{1098-0121}},
ResearcherID-Numbers = {{Hermann, Andreas/E-8687-2010}},
ORCID-Numbers = {{Hermann, Andreas/0000-0002-8971-3933}},
Unique-ID = {{ISI:000282679100002}},
}

@article{Pershina-Borschevsky-2012,
   author = "Pershina, V. and Borschevsky, A. and Anton, J.",
   title = "Theoretical predictions of properties of group-2 elements including element 120 and their adsorption on noble metal surfaces",
   journal = JCP,
   year = "2012",
   volume = "136",
   number = "13", 
   pages = "134317",
   url = "http://scitation.aip.org/content/aip/journal/jcp/136/13/10.1063/1.3699232",
   doi = "http://dx.doi.org/10.1063/1.3699232" 
}
